2940 4912
631 321 718 376 6666
737 329 761 376 s.
1217 322 1282 389 337

107 493 159 534 nec
177 496 244 535 uero
264 480 338 534 inter
355 480 410 534 hoc
428 497 526 536 nemus
546 484 575 536 et
592 482 688 537 fanum
702 481 799 537 Rheae
818 482 937 537 discerni
957 497 1051 551 posse,
1072 484 1216 552 sequentia
1234 485 1281 541 de-

105 570 277 624 monstrant:
305 569 334 624 in
353 569 447 624 medis
465 570 551 639 silua,
576 572 605 626 et
628 571 739 641 quidem
767 571 797 625 in
819 571 885 641 ingo
909 570 1013 625 montis
1036 571 1113 627 edito
1137 575 1182 643 (12
1208 575 1283 629 ‘alta

106 658 242 726 nemora',
262 665 296 713 ‘10
311 662 371 729 sq.),
392 660 490 714 domus
510 660 580 715 deae
599 662 660 715 erat
678 661 778 731 posita.
818 661 931 716 omnino
948 660 1144 730 neglegentiae
1167 662 1282 731 supinae

107 746 259 816 fatuasque
278 747 448 803 incusandae
467 751 541 803 esset
561 748 696 817 Catullus,
716 749 740 804 ei
757 750 787 805 in
801 749 934 804 carminis
947 750 1029 805 initio
1044 750 1108 804 loca
1122 766 1178 805 non
1192 751 1281 805 solum
1387 777 1388 781 ¹

106 841 163 892 tam
189 854 289 906 parum
312 839 443 893 accurate
467 837 655 907 distinxisset,
679 839 729 894 sed
754 838 841 894 etiam
863 840 1001 895 lectorum
1024 841 1147 894 mentem
1170 841 1281 895 contur-

106 924 201 980 beseet
219 927 311 995 plane.
349 944 438 996 neque
465 944 533 983 uero
558 927 648 983 hilum
672 928 792 998 proiecit
809 927 1056 998 Wilamowitsius,
1079 927 1282 982 dissertationis

106 1016 140 1070 de
164 1016 218 1070 hoo
242 1015 364 1071 carmine
388 1017 470 1071 ualde
494 1016 679 1087 imprudentis
703 1017 823 1086 scriptor
842 1017 977 1089 [Hermae
996 1016 1061 1070 XIV
1084 1035 1111 1087 p.
1133 1016 1281 1087 1046661,

106 1105 174 1160 hacc
193 1105 338 1175 proferens
357 1125 384 1175 p.
402 1113 464 1161 199:
486 1106 592 1161 ‘solche
611 1105 811 1163 unklarheiten
830 1107 892 1162 sind
907 1107 995 1162 wider
1012 1107 1108 1161 antiks
1125 1106 1222 1172 kunst3
1242 1105 1282 1160 sie

106 1193 251 1249 erklaeren
275 1195 334 1249 sich
354 1194 556 1263 vollstaendig,
581 1213 662 1252 wenn
680 1212 745 1250 man
765 1196 858 1264 weiss,
883 1197 949 1251 dass
973 1196 1023 1250 das
1041 1195 1201 1266 publilsum,
1220 1193 1282 1248 1666

106 1282 205 1337 dassen
224 1299 345 1352 gaumen
365 1283 456 1338 dieser
473 1284 625 1339 metrische
643 1284 832 1341 leclserbiseen
851 1286 1027 1356 sugerichtet
1046 1301 1116 1353 war,
1135 1300 1180 1338 am
1199 1282 1282 1338 aller·

106 1371 208 1426 letzten
227 1373 301 1426 nach
319 1372 383 1426 dem
402 1372 511 1427 inhalte
530 1362 800 1443 lragto'2'nimirum
818 1390 951 1444 peruersa
969 1389 1020 1429 sua
1038 1373 1074 1428 de
1093 1375 1171 1444 poesi
1190 1372 1281 1428 latina

108 1462 247 1516 sententia
265 1461 325 1516 siue
344 1461 436 1531 potius
456 1461 555 1516 harum
571 1480 662 1516 rerum
680 1463 829 1519 inscientia
846 1462 875 1517 in
892 1478 1026 1534 praeceps
1040 1461 1123 1517 datus
1141 1461 1282 1531 inputauit

106 1551 159 1606 iste
179 1549 290 1620 optimo
308 1552 409 1620 poetae
428 1550 471 1616 id,
490 1551 564 1619 quod
583 1552 729 1620 sequentia
747 1554 841 1607 mente
859 1554 1071 1622 praesumentes
1088 1550 1162 1606 male
1180 1548 1282 1605 intule-

108 1641 172 1694 runt
189 1640 306 1695 librarii.
344 1640 499 1696 aduenerat
520 1641 580 1695 siue
599 1639 678 1697 Irecti
702 1641 761 1697 siue
781 1657 957 1712 quocumque
980 1639 1037 1697 alio
1056 1640 1172 1712 Phrygii
1190 1640 1281 1695 litoris

108 1727 170 1784 loco
180 1729 274 1783 uicino
285 1729 372 1783 Attis:
389 1728 486 1800 tetigil
495 1729 658 1799 (recorderis
672 1732 754 1785 notas
771 1729 908 1785 dictiones
919 1731 1045 1801 ‘tangere
1060 1729 1136 1799 litus,
1146 1728 1281 1799 portum’,

107 1819 140 1872 ci.
160 1818 196 1873 ad
215 1821 261 1886 66)
279 1820 381 1873 terram
402 1833 481 1873 sacro
502 1820 616 1874 sanctae
636 1819 756 1874 uiciniae
774 1821 890 1874 horrore
909 1822 1066 1890 correptus,
1085 1819 1115 1872 in
1129 1821 1282 1888 conspectu

107 1907 205 1962 habuit
229 1910 353 1963 montem
376 1907 405 1961 in
425 1924 533 1962 summo
557 1908 701 1963 cacumina
725 1907 803 1963 siluis
823 1911 987 1964 coronatum
1009 1925 1177 1978 sanctaeque
1196 1907 1282 1963 maie·

107 1996 188 2051 statis
202 1997 331 2067 plenum:
346 1995 399 2052 hoc
414 1987 495 2052 sensu
510 1997 700 2066 adspectnque
714 1997 744 2052 in
759 2015 822 2053 enm
837 1998 959 2053 furorem
974 2001 1018 2053 est
1031 1998 1155 2066 adactus,
1165 1998 1198 2051 ut
1210 1999 1281 2053 tam·

108 2103 192 2156 quem
211 2086 248 2141 ob
266 2087 342 2157 ipsos
361 2087 430 2141 deae
450 2087 545 2142 oculos
564 2087 704 2156 proiceret
720 2087 749 2141 id
769 2088 842 2156 qnod
863 2088 959 2143 Rheae
978 2087 1151 2143 sacerdotem
1170 2087 1281 2156 gestare

107 2175 161 2230 ianr
181 2193 237 2231 non
251 2175 375 2243 deceret,
394 2176 447 2231 hec
467 2193 496 2231 re
515 2176 630 2247 dignum
652 2193 681 2231 so
696 2179 869 2246 ostentorus,
887 2179 935 2245 qui
953 2176 1027 2231 inter
1043 2175 1142 2231 Matris
1160 2174 1281 2230 famulos

107 2264 283 2335 reciperetur.
321 2268 417 2320 notum
443 2265 548 2336 quippe
572 2269 628 2332 est,
656 2283 706 2320 666
729 2266 828 2335 sponte
851 2282 912 2320 sese
936 2265 1059 2320 66166666
1082 2264 1178 2321 Gallos
1201 2282 1281 2320 sacro

107 2354 197 2410 lurore
224 2357 302 2410 actos
326 2353 449 2424 (Lucian.
476 2355 530 2410 dea
553 2355 613 2424 syr.
638 2357 694 2425 26),
726 2372 788 2409 cum
812 2353 955 2409 ministros
979 2357 1071 2409 castos
1095 2358 1125 2408 at
1147 2355 1182 2409 ed
1207 2355 1281 2408 furta

107 2442 221 2499 Veneris
235 2460 290 2497 non
305 2446 386 2513 aptos
401 2444 455 2498 dea
468 2443 597 2513 flagitare
610 2442 751 2498 diceretur
761 2442 806 2513 (ci.
817 2459 858 2497 ex.
869 2461 912 2513 gr.
928 2444 1008 2499 Ouid.
1023 2444 1086 2500 fast.
1097 2444 1136 2498 IV
1146 2449 1196 2498 221
1208 2461 1279 2512 sqq,

107 2538 167 2601 260,
185 2539 247 2601 206,
267 2534 338 2602 624).
374 2533 432 2587 6616
452 2532 598 2588 exordium
617 2549 683 2587 uere
706 2531 848 2602 poeticum
867 2532 983 2587 remotis
1002 2532 1083 2587 malis
1102 2532 1279 2588 librariomm

107 2620 249 2677 fraudibus
268 2622 309 2675 sic
327 2620 439 2676 Catullo
458 2622 558 2677 reddo:
579 2620 745 2692 ‘Phrygium
764 2625 796 2677 ut
814 2622 904 2676 solnm
920 2641 943 2678 c.
959 2640 982 2679 o.
997 2640 1024 2692 p.
1043 2621 1140 2692 tetigit
1152 2620 1280 2690 uiditque

108 2727 132 2765 o.
152 2730 172 2768 s.
192 2711 244 2766 r.l
271 2710 310 2767 d.'
337 2710 383 2779 (cl.
404 2710 484 2766 Ouid.
505 2710 570 2766 1666.
589 2710 627 2764 IV
647 2717 680 2767 82
700 2711 826 2782 Scythico
844 2713 914 2778 solo,
936 2728 969 2765 cx
988 2710 1019 2768 P.
1038 2711 1050 2764 l
1069 2718 1095 2779 2,
1115 2716 1149 2766 66
1168 2710 1280 2765 Surena·
1349 2716 1352 2721 ’

107 2801 244 2866 61666616,
263 2798 448 2867 6116666166).
486 2799 630 2869 ‘cupide’,
651 2799 733 2854 auide
759 2816 827 2869 prae
850 2799 989 2854 desiderio
1012 2800 1146 2870 tangendi
1170 2816 1280 2854 sacrum

107 2889 193 2954 solum
214 2892 243 2943 et
261 2889 411 2959 propterea
431 2887 535 2942 ‘citato
554 2887 657 2957 pede’3
683 2887 717 2943 cf.
736 2887 862 2942 1616626
881 2889 966 2942 citato
987 2889 1092 2958 966616,
1117 2888 1178 2943 866.
1199 2888 1279 2943 Η666.

110 2978 169 3033 Oet.
184 2983 236 3032 613
254 2994 378 3048 gressum
397 2978 501 3031 citabat
516 2979 545 3030 et
558 2977 677 3032 Phaedr.
695 2983 759 3031 1001
781 2978 889 3033 celerem
907 2979 999 3033 6666616
1015 2979 1145 3047 passibus
1162 2994 1279 3032 66666666.

107 3067 267 3136 asyndetice
287 3067 333 3135 (ad
354 3066 443 3122 XLVI
465 3071 508 3137 11)
536 3067 704 3137 copulantur
723 3067 844 3136 ‘opaca’
870 3070 899 3122 et
918 3066 1013 3121 ‘siluis
1031 3067 1189 3135 redimita’,
1207 3066 1235 3123 h.
1255 3085 1278 3124 6.

106 3159 250 3224 66666666,
275 3173 329 3210 666
354 3159 385 3210 nt
409 3156 540 3210 1616666
565 3158 594 3210 66
618 3155 704 3209 LXIV
726 3161 791 3223 103,
814 3156 862 3210 sed
886 3158 918 3210 nt
940 3157 1003 3211 Sen.
1023 3157 1091 3211 Oed.
1111 3162 1163 3211 488
1182 3156 1281 3211 Naxos

107 3247 213 3315 6169666
232 3246 361 3300 redimita
375 3251 462 3314 ponto
481 3247 526 3312 (=
546 3245 731 3311 circumdata3
751 3245 785 3298 ef.
805 3248 833 3298 et
853 3245 933 3299 Ouid.
953 3248 1018 3299 met
1037 3246 1061 3298 V
1081 3247 1279 3300 6866116666·

105 3341 185 3389 rosus
204 3338 316 3405 aquus):
334 3333 407 3386 uidit
421 3334 494 3388 Attis
514 3334 694 3388 tenebrosum
715 3332 784 3387 illud
806 3334 938 3388 siluarum
958 3334 1100 3402 cingulum
1117 3334 1176 3388 6166
1193 3335 1279 3388 666661

105 3424 269 3494 inpositum,
293 3427 358 3492 post
381 3423 454 3490 quod
478 3422 571 3478 latent
593 3425 657 3478 loca
682 3424 741 3476 sine
761 3423 889 3493 regiones
913 3420 1036 3476 incultae
1055 3440 1073 3474 a
1092 3423 1184 3476 ‘dea’.
1224 3440 1280 3491 qna

104 3514 293 3583 adpellatione
318 3512 425 3567 incerto
448 3513 531 3567 nimis
555 3531 684 3584 uagoqne
708 3513 791 3567 rnodo
815 3512 842 3565 iu
869 3513 921 3564 hoc
942 3511 1103 3580 praesertim
1131 3511 1213 3564 initio
1232 3513 1278 3563 de·

104 3602 208 3672 signari
228 3602 367 3671 Cybelen,
387 3606 462 3656 recte
481 3603 551 3657 milri
571 3603 683 3657 uidetur
702 3601 842 3656 monuisse
858 3599 1043 3668 lrMnellerns,
1063 3600 1112 3668 qui
1131 3600 1278 3669 proposuit

106 3692 179 3745 ‘loca
198 3692 305 3745 Rheae'
326 3693 468 3758 (nimirum
490 3693 577 3746 ‘reae’
598 3709 654 3746 non
674 3689 870 3758 intellegentes
890 3689 918 3741 in
938 3690 1050 3742 obuium
1072 3690 1165 3743 ‘deae'
1187 3692 1276 3742 mutu·

106 3780 177 3836 61666
197 3780 327 3834 librarios
347 3799 398 3850 par
417 3784 477 3846 666).
514 3782 621 3834 namsi
642 3781 734 3847 dicas,
754 3797 787 3832 ex
811 3778 963 3848 praemisso
985 3778 1149 3847 ‘Phrygium
1173 3776 1274 3831 solum‘

104 3871 231 3940 perspici,
250 3871 284 3924 de
304 3887 424 3939 6666666
446 3872 499 3926 dea
517 3874 630 3940 agatur,
650 3871 714 3923 uide
730 3888 764 3921 66
780 3869 863 3922 nimis
879 3867 970 3922 ieiune
985 3869 1130 3923 sentiendo
1145 3868 1275 3921 iniuriam

104 3959 190 4014 iacias
204 3960 267 4014 6661.
293 3959 342 4014 sed
357 3959 493 4028 quidquid
507 3959 640 4013 statuitur
655 3958 689 4011 de
704 3958 758 4010 hac
773 3975 810 4023 re,
826 3974 879 4010 666
896 3957 998 4009 meruit
1012 3957 1105 4009 hercle
1115 3956 1275 4022 Muellerus,

104 4049 152 4117 qui
174 4067 191 4103 s
210 4048 426 4103 Wilemowitzio
450 4049 493 4101 lris
517 4048 709 4118 increparetur
732 4047 825 4100 uerbis
850 4047 866 4099 l.
889 4047 905 4100 1,
930 4065 955 4114 μ,
978 4051 1041 4099 iao:
1071 4047 1112 4101 ‘..
1136 4045 1202 4098 <iuss
1230 4044 1275 4097 die

105 4136 209 4191 iremde
228 4138 337 4207 goettin
352 4137 514 4192 wesentlich
532 4139 669 4202 llemeter,
688 4137 772 4190 166666
789 4136 867 4189 161666
882 4134 1083 4202 gleiehgesetnt
1101 4135 1183 4199 vird,
1203 4134 1275 4187 denn

103 4224 178 4280 dieas
196 4227 401 4282 identification
421 4229 457 4281 ist
471 4246 522 4281 nur
536 4229 589 4281 den
605 4225 797 4296 mythologice
814 4225 874 4278 iuer
888 4226 1007 4276 hoelrere
1025 4222 1275 4290 toechtersehnlen,

105 4332 154 4369 ans
180 4316 270 4370 denen
299 4317 374 4372 etna
401 4317 666 4386 gewerbernaessige
694 4316 903 4370 texts-erderlrer
931 4312 1094 4381 schoepien,
1128 4314 1276 4368 selbstver·

104 4404 272 4471 eiaendlich3
292 4405 421 4459 Catullus
440 4405 586 4460 16666616
608 4403 708 4459 nicht’.
738 4421 822 4472 qsram
843 4403 1024 4470 reconditam,
1044 4403 1067 4455 si
1088 4407 1214 4471 quaest,
1233 4420 1274 4455 ss·

158 4504 289 4546 deruanus
303 4505 338 4545 ed.
353 4506 475 4545 Baehrens.
503 4507 533 4544 11.
1028 4498 1062 4545 22
