2940 4912
646 304 734 357 avia
755 312 831 360 1-e.
1260 308 1325 373 285

153 463 236 533 socii,
264 466 299 519 ut
320 464 530 534 distinguantur
553 480 570 517 a
592 463 727 519 riualibus
751 465 893 521 aemulis’.
935 484 1000 522 nem
1024 468 1098 535 quod
1121 468 1261 538 Hauptius
1285 469 1325 523 sic

151 552 246 623 potius
271 550 394 624 explicat
420 552 562 608 ‘dicuntur
588 553 636 623 qui
661 555 690 608 et
716 554 785 608 socii
810 555 866 609 sint
891 558 1085 625 amatoresque
1112 556 1269 626 puellarum
1296 560 1326 612 et

150 641 256 696 riuales
275 642 426 697 earundem
444 643 587 711 tamquam
607 641 726 712 pathici;
750 643 868 697 iteratur
892 643 1035 699 muliebris
1058 642 1214 715 patientiae
1233 646 1324 700 erimi-

149 732 241 797 uatio,
260 731 366 800 inqua
384 731 476 786 totum
495 747 606 785 carmen
626 732 786 784 uersatur':
812 732 866 785 boc
885 732 1011 787 funditus
1030 735 1074 788 est
1091 733 1195 790 falsum
1212 752 1325 805 peruer-

150 836 277 890 sumqus.
307 822 435 874 uersatur
453 819 528 873 enim
547 819 638 873 totum
658 836 770 873 carmen
789 819 817 873 in
837 821 1054 877 demonstranda
1072 824 1146 878 bona
1163 822 1237 878 inter
1252 822 1280 877 G.
1296 825 1325 878 et

150 907 188 963 ll.
207 906 412 963 conuenientia.
450 907 536 978 uulgo
555 911 651 963 autem
674 908 697 963 si
716 907 788 962 forte
808 909 862 964 duo
881 927 965 963 unam
985 912 1158 981 eandemque
1178 912 1323 967 mulierem

149 1001 261 1065 amant,
288 995 318 1050 hi
340 995 445 1051 aemuli
467 997 558 1051 solent
581 1013 642 1051 esse
665 997 793 1052 acerrimi
817 1001 869 1063 (ex.
888 1015 928 1068 gr.
952 997 1033 1069 Prop.
1052 999 1079 1052 Π
1104 1007 1216 1069 34,17)
1241 1003 1271 1056 et
1293 1002 1325 1054 ut

149 1084 254 1140 riuales
268 1083 459 1140 inimicissime
473 1083 558 1137 rixari
573 1084 645 1151 (Seu.
660 1085 731 1139 rhet.
746 1103 772 1154 p.
788 1090 838 1138 221
855 1085 887 1138 K.
902 1092 996 1155 turpes
1009 1104 1070 1142 cnm
1083 1089 1223 1144 rtaalibnc
1236 1090 1324 1156 naas,

148 1175 223 1228 unde
248 1174 315 1229 ibid.
339 1192 367 1245 p.
386 1179 453 1241 223,
476 1178 492 1226 b
515 1173 634 1228 emenda
658 1179 795 1242 tamquam
818 1175 921 1229 riuales
943 1177 1033 1230 rixati
1058 1179 1146 1245 eant);
1174 1179 1272 1231 contra
1294 1175 1324 1229 hi

150 1263 254 1319 riuales
272 1263 356 1331 unici,
375 1266 407 1318 ut
426 1262 475 1317 lidi
492 1261 615 1332 bonique
633 1263 751 1330 sodales,
770 1264 946 1318 concorditer
962 1266 1077 1320 futuunt
1090 1265 1203 1319 easdem
1216 1264 1325 1336 puellu-

149 1353 193 1406 las
217 1352 421 1422 (animaduerte
444 1350 613 1407 deminutiui
641 1353 745 1407 sulcum
773 1353 922 1423 leporem):
947 1356 1054 1422 ecquod
1082 1355 1172 1408 maius
1201 1355 1325 1424 grauius·

148 1458 204 1511 que
230 1440 384 1512 excogitari
407 1444 504 1511 potest
527 1442 619 1511 pulcri
644 1441 717 1511 inter
740 1460 786 1497 eos
812 1447 964 1499 concentus
987 1444 1203 1498 documentum?
1229 1475 1260 1482 -
1284 1444 1325 1497 sic

147 1534 299 1600 postquam
318 1547 336 1583 a
354 1531 475 1585 maxime
494 1530 613 1585 diuersis
630 1531 773 1601 partibus,
794 1532 829 1586 ab
848 1532 1003 1602 ignominia
1022 1532 1152 1600 nominis,
1172 1549 1189 1585 a
1208 1549 1323 1603 corpore

148 1617 315 1673 libidinibus
334 1620 481 1687 exhausto,
501 1637 518 1674 a
537 1619 693 1674 litterarum
712 1620 824 1688 studiis,
843 1621 879 1675 ab
899 1621 1101 1675 adulteriorum
1121 1621 1229 1687 ardore,
1248 1621 1324 1676 deni-

148 1725 205 1779 que
224 1708 260 1761 ab
278 1708 429 1762 earundem
449 1707 626 1764 femellarum
644 1725 739 1764 amore
759 1708 905 1764 Caesarem
925 1714 954 1764 et
973 1711 1144 1779 Mamurram
1162 1708 1323 1764 consimiles

149 1812 338 1867 conparesque
357 1813 419 1851 esee
439 1799 573 1864 ostendit,
593 1801 679 1867 poeta
696 1815 774 1852 mors
793 1798 923 1853 sollemni
942 1799 989 1867 (el.
1004 1799 1039 1853 ad
1054 1797 1115 1852 LVI
1130 1802 1157 1867 4)
1176 1802 1324 1867 tamquam

148 1888 257 1941 certum
276 1884 333 1940 iam
351 1884 598 1956 indubitatumque
616 1885 721 1957 repetit
739 1888 857 1941 ouanter
875 1904 970 1941 uersus
990 1886 1073 1957 primi
1091 1887 1224 1957 positum.

674 2040 795 2096 LVIII.

222 2152 251 2207 1.
273 2150 373 2224 caeli,
393 2151 503 2207 Lesbia
521 2152 637 2206 nostra.
674 2151 799 2206 Caelium
827 2169 887 2207 esse
906 2153 943 2206 M.
963 2153 1089 2208 Caelium
1110 2152 1212 2207 Italum
1232 2157 1324 2209 orato·

149 2257 209 2295 rem
226 2243 322 2313 (supra
340 2259 367 2311 p.
381 2243 428 2309 33)
451 2240 516 2295 iude
541 2239 726 2296 aPVictoric
746 2241 816 2312 [uar.
836 2241 913 2297 lectt.
933 2241 997 2296 XVI
1018 2243 1045 2313 1]
1070 2242 1196 2311 plerique
1221 2245 1324 2296 statue·

149 2334 228 2397 runt3
256 2335 389 2399 recteque
412 2330 554 2385 intellexit
576 2331 709 2386 Asuuur
732 2331 873 2400 singulare
897 2332 936 2385 sic
966 2331 1085 2386 euadere
1109 2347 1225 2385 acumen
1249 2331 1324 2384 illius

150 2420 288 2487 ‘nostra’,
313 2420 372 2474 scil.
397 2436 480 2489 quam
504 2437 555 2475 nos
579 2422 661 2475 ambo
686 2422 825 2490 quondam
850 2420 1015 2475 amauimus.
1054 2419 1099 2474 cui
1122 2419 1225 2474 rationi
1249 2420 1323 2487 quod

149 2524 215 2563 uere
232 2509 321 2579 possit
339 2509 457 2578 opponi,
476 2509 516 2563 nil
536 2509 690 2579 quidquam
709 2509 796 2565 adest.
825 2526 890 2563 nam
906 2509 959 2563 etsi
972 2508 1047 2562 hune
1064 2508 1167 2562 Rufum
1183 2506 1251 2562 olim
1265 2511 1323 2562 tam

149 2598 251 2652 uenter
269 2599 397 2653 inuectus
416 2600 477 2652 erat
492 2597 619 2652 Catullus
636 2601 735 2666 utpote
750 2599 778 2652 iu
793 2614 888 2652 amore
903 2597 1022 2652 Lesbiae
1036 2596 1176 2651 aemulum
1192 2597 1323 2666 (maxime

150 2683 276 2739 LXXVII
294 2690 324 2741 et
341 2685 447 2755 LXIX),
465 2686 537 2741 nihil
556 2687 651 2740 tamen
670 2686 765 2740 obstat
783 2684 932 2756 quominus
951 2685 1100 2754 postquam
1117 2684 1204 2738 ltufus
1223 2703 1241 2740 a
1259 2685 1322 2740 010-

149 2774 213 2828 diac
231 2791 325 2829 amore
345 2775 455 2830 destitit
471 2777 595 2830 ueterem
615 2775 689 2829 inter
708 2792 755 2829 eos
774 2775 927 2829 amicitiam
947 2774 1107 2829 restitutam
1128 2791 1187 2830 esse
1207 2776 1322 2831 ciamus.

150 2879 239 2932 neque
263 2863 385 2918 nominis
409 2864 557 2918 diuersitas
581 2864 646 2917 huic
675 2865 830 2918 sententiae
855 2865 899 2917 est
921 2862 1132 2933 impedimento.
1173 2864 1231 2917 iam
1254 2865 1324 2919 alias

149 2952 257 3018 monui,
280 2958 407 3007 nostrum
431 2953 521 3007 adfari
545 2951 573 3007 Ο.
598 2953 736 3007 Licinium
760 2953 878 3007 Caluum
902 2951 984 3006 modo
1009 2951 1111 3006 Licinii
1135 2954 1218 3007 modo
1243 2953 1323 3008 Calui

149 3041 276 3107 uomine;
295 3045 441 3112 praeterea
460 3059 541 3111 quem
561 3041 705 3096 inimicum
725 3042 793 3096 olim
811 3045 843 3097 ut
862 3042 965 3096 Rufum
985 3042 1185 3112 exagitauerat,
1205 3043 1322 3097 eundem

149 3128 362 3185 reconciliatum
377 3135 409 3184 ut
416 3129 548 3192 ,Caelium
564 3148 617 3185 nou
633 3132 706 3186 male
724 3130 937 3200 adloquebatur.
967 3132 1086 3200 denique
1106 3132 1180 3200 quod
1199 3133 1235 3186 ad
1254 3132 1323 3186 alte-

150 3234 210 3271 rum
229 3217 289 3287 (qai
308 3219 428 3286 uidetur)
448 3217 573 3273 Caelium
593 3220 708 3287 attinet,
728 3223 763 3275 cl.
783 3219 999 3274 commentarius
1018 3220 1054 3272 ad
1074 3220 1094 3273 O
1111 3228 1134 3274 1.
1155 3254 1184 3260 -
1208 3223 1236 3292 1,
1251 3218 1279 3293 2,
1295 3221 1323 3275 3.

149 3305 257 3361 lesbia
275 3306 346 3379 illa,
372 3307 427 3362 llla
445 3307 569 3377 Lesbia,
594 3322 682 3376 quam
702 3309 840 3364 Catullus
863 3323 952 3362 uuam
976 3309 1046 3377 plus
1071 3324 1158 3376 (luam
1183 3325 1214 3364 se
1234 3312 1323 3377 atque

148 3409 219 3450 auos
240 3397 354 3451 amauit
377 3411 490 3451 omues.
528 3397 660 3452 affectum
683 3397 885 3466 tristitiamque
905 3414 1043 3451 summam
1068 3397 1157 3466 spirat
1176 3398 1323 3467 repetitio;

148 3485 227 3539 cuius
250 3486 293 3540 uis
316 3504 372 3540 non
400 3490 460 3540 tam
483 3487 512 3540 in
538 3484 618 3539 ‘illa'
645 3488 747 3541 iterato
771 3488 845 3542 inest
868 3486 935 3556 (Cic.
963 3485 999 3539 ad
1022 3484 1112 3539 Attl
1140 3492 1184 3552 16,
1211 3491 1226 3538 ὀ
1251 3488 1325 3540 nosti

149 3574 265 3629 &laam
291 3593 324 3630 ec
342 3575 521 3630 Nanneianis
544 3576 636 3643 illurn,
662 3577 740 3629 illam
767 3577 936 3630 wadatmem
960 3577 1073 3642 nrenrn),
1099 3575 1147 3628 sed
1173 3575 1202 3627 in
1228 3575 1323 3628 iuncto

149 3663 194 3718 Ἦ
214 3664 245 3718 i.’
269 3682 319 3735 per
342 3665 496 3719 chiasmnm
521 3663 680 3733 duplicato,
705 3666 737 3717 ut
759 3666 824 3719 Hor.
845 3665 888 3718 od.
914 3664 1053 3729 1v13,1
1079 3665 1221 3730 anelinere,
1242 3663 1324 3735 Lyce,

146 3755 180 3808 di
197 3772 255 3808 area
273 3759 353 3820 nota,
372 3755 403 3807 di
421 3755 567 3821 audiuere,
586 3754 672 3823 Lyca
692 3755 722 3808 et
740 3755 781 3808 ita
799 3753 828 3807 in
846 3754 936 3808 altero
957 3755 1019 3807 colo
1039 3753 1221 3823 praeponitur
1241 3752 1323 3820 ‘illa’,

147 3846 181 3897 ut
197 3843 314 3897 efferens
333 3843 381 3911 (ad
401 3841 465 3895 Vlll
484 3847 510 3910 6)
529 3842 658 3911 designet
678 3843 761 3897 ‘nota
785 3842 967 3912 inlustrisque
988 3842 1113 3897 uersibus
1133 3843 1228 3899 meis'.
1267 3844 1322 3897 iam

146 3934 217 3987 eise
236 3932 329 4002 ipsum
347 3930 460 3985 nomine
479 3935 562 3984 uocet
586 3933 701 4000 proprio
720 3933 766 3999 (ad
786 3933 823 3986 Vl
845 3935 884 4001 1),
905 3934 958 3987 hoc
977 3949 1032 3986 uon
1052 3933 1142 3987 solum
1161 3933 1193 3986 fit
1213 3931 1324 3998 affectu,

146 4021 195 4076 sed
215 4023 301 4076 etiam
321 4021 358 4074 ob
377 4021 546 4091 praecedens
574 4021 655 4075 modo
675 4021 792 4076 Lesbiae
819 4038 919 4077 nomen
945 4021 974 4076 in
998 4024 1159 4077 memoriam
1184 4022 1264 4075 nobis
1284 4038 1323 4076 re·

145 4114 232 4165 uocat
252 4110 349 4165 nobile
373 4109 443 4163 illud
467 4114 565 4179 totque
593 4110 765 4164 sermonibus
792 4111 936 4164 hominum
961 4111 1131 4164 celebratum
1156 4128 1206 4180 par
1230 4126 1323 4164 amau-

145 4200 231 4267 tium,
255 4198 385 4254 Lesbiam
410 4202 439 4253 et
462 4199 612 4254 Catullum.
650 4200 841 4271 intellegimus
860 4203 968 4267 autem,
989 4200 1012 4252 si
1037 4203 1122 4269 pocta
1146 4217 1174 4253 se
1200 4204 1323 4255 amatam

144 4290 208 4360 plus
224 4306 308 4358 quam
324 4292 414 4343 semet
429 4289 518 4356 ipsum
534 4288 663 4344 dilexisse
679 4290 835 4359 praedicat,
852 4291 885 4345 el.
902 4293 1012 4359 pnietcr
1027 4288 1152 4343 lillllllll
1169 4289 1225 4344 Cic.
1241 4290 1323 4356 Taso,

141 4379 180 4433 lll
199 4385 248 4446 29,
269 4384 302 4433 7⁸2
333 4380 414 4447 quaet
438 4382 500 4445 {ieri
518 4380 575 4432 allo
593 4380 671 4433 nendo
692 4382 793 4448 possit,
817 4381 889 4449 qrocd
913 4382 944 4433 in
967 4382 1101 4434 arnawrio
1124 4396 1245 4434 serrnone
1267 4382 1324 4434 dici
