2940 4912
554 306 684 364 LXVIIIl
703 313 815 364 sea-sa
1209 309 1275 374 513

99 466 301 522 musnetudine
324 465 574 522 Alexandrinorum
600 468 723 523 maxime
746 486 817 524 aeuo
843 471 948 524 exorte.
990 471 1022 523 nt
1045 468 1157 524 unicum
1182 486 1272 526 exem-

97 557 176 628 plum
199 555 352 626 proteram,
375 556 404 610 in
424 555 481 611 Oiri
505 556 610 626 epyllio
634 558 720 627 (qnod
744 559 780 613 ad
799 558 945 613 Parthenii
968 556 1157 613 imitationem
1181 561 1273 614 totum

99 662 160 701 esse
185 645 369 715 compositum
393 661 482 715 paene
502 648 609 701 certum
629 648 686 702 est:
711 648 746 703 cf.
771 645 853 701 PLM.
877 646 903 700 ll
926 665 952 716 p.
973 652 1018 715 31)
1043 646 1153 716 Scyllae
1176 647 1274 702 infelix
1334 636 1341 651 '

99 752 178 789 amor
196 752 230 790 ex
249 735 361 789 lunonis
386 734 429 790 ira
445 737 611 805 (rae-1⁶7)
630 736 700 791 scite
719 736 868 806 repetitur,
893 736 942 791 sed
965 736 1007 791 ita
1025 737 1189 791 consuetum
1207 736 1274 791 arti·

98 823 194 879 licium
218 824 259 878 ibi
284 825 419 892 uariatur,
444 827 553 879 utnon
577 825 641 895 ipsa
664 826 780 881 dearum
803 825 933 896 princeps
956 825 1060 895 qnippe
1084 825 1119 879 de
1138 825 1211 880 Iouis
1231 823 1275 879 sui

98 913 177 968 mala
198 912 253 968 iide
278 911 403 967 sollicita
428 913 597 983 supplicium
626 914 739 985 exequi,
766 916 814 970 sed
840 914 923 969 huius
949 914 1147 969 administrum
1172 913 1276 984 eligere

100 1006 233 1058 Amorem
252 1002 383 1071 tingatur.
413 1002 484 1057 duce
503 1006 599 1058 auam
617 1002 766 1059 Eustathio
785 1006 814 1058 et
831 1004 940 1059 uocatis
958 1004 987 1058 in
1006 1005 1101 1074 partes
1120 1006 1277 1058 ceterorum

99 1090 283 1157 testimoniis,
303 1107 375 1159 quae
394 1089 507 1145 fabulae
526 1089 603 1146 illius
622 1091 709 1146 inerit
726 1091 817 1146 forma
835 1092 968 1162 primaria
987 1109 1097 1163 quaque
1116 1092 1226 1147 ratione
1240 1092 1276 1146 ab

99 1179 187 1249 epicis
206 1180 243 1234 sit
265 1182 400 1247 tractata,
425 1179 484 1234 erui
507 1181 610 1249 potest
648 1181 817 1236 Graecorum
838 1182 924 1236 duces
942 1181 1065 1237 Helenae
1084 1183 1197 1250 raptum
1216 1181 1277 1235 uin-

99 1267 221 1324 dicaturi
239 1272 389 1338 postquam
407 1269 438 1323 in
455 1269 562 1324 bellum
578 1269 706 1324 Troianis
724 1269 899 1325 inferendum
914 1271 1101 1338 coniurarunt,
1120 1270 1277 1325 Protesilao

99 1373 213 1427 quoque
232 1357 464 1427 proficiscendum
491 1361 553 1413 erat
571 1359 800 1429 omittendeeque
819 1359 936 1428 nuptiae
959 1357 1075 1414 iamiam
1094 1359 1277 1430 propinquae.

99 1449 159 1502 tum
180 1463 246 1502 uero
264 1446 419 1502 Laudamia
437 1463 531 1503 amore
555 1449 664 1514 saucia,
688 1449 816 1518 quamuis
839 1447 894 1503 uiri
917 1447 1005 1502 amati
1027 1448 1126 1502 domus
1153 1447 1276 1503 nondum

61 1543 64 1547 '
99 1534 142 1589 ita
159 1537 233 1590 esset
250 1536 386 1606 perlecta,
406 1538 438 1590 ut
455 1554 558 1592 nouam
577 1537 719 1592 dominam
738 1540 835 1605 posset
854 1536 994 1606 excipere,
1013 1537 1193 1606 nondumque
1211 1538 1274 1592 tha·

100 1625 192 1679 lamus
218 1626 303 1679 sacris
332 1643 394 1680 cum
419 1626 519 1681 ceteris
542 1626 585 1681 dis
610 1627 772 1695 nuptiarum
795 1624 921 1696 patronis
947 1628 1007 1679 tum
1035 1627 1151 1681 sauctae
1175 1627 1276 1681 Veneri

102 1713 264 1768 constitutis
287 1714 341 1769 rite
364 1717 439 1770 esset
463 1717 653 1782 consecratus,
681 1715 756 1770 ultro
784 1715 812 1770 in
836 1713 984 1769 Protesilai
1008 1714 1121 1769 domurn
1146 1715 1226 1770 uenit
1248 1718 1278 1770 et

100 1803 286 1857 reluctantem
304 1801 373 1857 licet
390 1802 482 1858 uirum
502 1803 778 1873 uiuehementiaque
793 1803 895 1858 amoris
910 1803 953 1858 sui
967 1803 1105 1873 perduxit,
1124 1807 1157 1857 ut
1170 1803 1275 1872 raptim

102 1890 217 1962 nuptiae
236 1890 457 1961 celebrarentur,
476 1909 591 1962 sperans
610 1892 727 1947 tortasse
753 1892 825 1960 fore,
846 1894 877 1946 ut
900 1891 940 1946 sic
964 1892 1111 1963 coniugem
1135 1891 1275 1947 retineret.

103 1981 253 2048 namhoc,
274 1979 456 2035 Laodamiam
476 1981 504 2035 in
523 1980 672 2036 Protesilai
692 1982 806 2036 domum
824 1982 898 2034 ultro
917 1981 1040 2048 uenisse,
1060 1981 1114 2036 etsi
1132 1980 1200 2035 alibi
1221 1998 1277 2036 non

100 2067 235 2123 traditum
250 2073 304 2137 est,
319 2068 361 2123 ita
375 2073 470 2123 tamen
485 2086 518 2123 ex
534 2069 638 2124 Catulli
654 2069 746 2123 uerbis
762 2068 873 2123 disertis
888 2074 933 2139 (33
948 2073 1020 2138 sqq.)
1035 2070 1064 2123 et
1078 2067 1187 2123 ratione
1201 2086 1276 2124 com-

101 2157 257 2226 parationis
271 2157 345 2213 inter
358 2157 542 2212 Laudamiam
558 2163 587 2212 et
597 2157 725 2213 Lesbiam
741 2158 833 2212 iactae
847 2157 893 2226 (cf.
905 2161 934 2213 et
947 2158 983 2211 ad
999 2160 1044 2226 78)
1060 2158 1193 2226 sequitur,
1205 2158 1276 2211 utin

101 2245 306 2302 dubitationem
324 2249 420 2303 uocari
440 2247 554 2303 omnino
573 2250 704 2317 nequeat.
742 2247 789 2302 sed
809 2263 873 2302 ecce
892 2263 1021 2316 praesens
1041 2245 1156 2300 deorum
1177 2263 1275 2316 poena.

101 2351 186 2389 unam
201 2336 275 2390 enim
290 2352 341 2405 per
355 2339 465 2392 noctem
481 2337 581 2406 (schol.
592 2335 724 2390 Aristidis
735 2353 761 2405 p.
773 2338 835 2405 671)
851 2351 925 2390 noua
940 2337 1027 2404 nupta
1041 2335 1146 2389 tructus
1160 2335 1277 2389 maritus

101 2423 195 2479 subito
211 2426 247 2478 ab
256 2424 324 2494 ipsis
335 2426 450 2481 Graecis
460 2425 581 2481 fatorum
592 2425 710 2481 consciis
727 2423 850 2479 utsimul
866 2423 903 2478 ad
913 2424 1025 2478 Troiam
1035 2425 1089 2479 iret
1098 2425 1142 2479 est
1150 2427 1277 2491 coactum

101 2512 329 2584 disturbataeque
346 2519 410 2570 sunt
426 2516 541 2585 nuptiae
561 2532 595 2570 eo
612 2515 670 2569 tere
688 2514 782 2583 modo,
798 2531 880 2582 quem
898 2512 1045 2581 descripsit
1058 2513 1193 2583 Apuleius
1210 2515 1276 2567 met

102 2602 140 2655 lv
155 2608 189 2656 26
205 2597 386 2672 (ἠναγκάσθη
402 2600 472 2674 μετὰ
487 2605 542 2658 τῶν
556 2601 700 2671 Ἑλλήνων
714 2603 800 2657 Arist.
815 2604 832 2659 l.
844 2603 881 2669 l.).
910 2602 957 2671 qui
972 2602 1145 2671 paulopost,
1160 2601 1207 2655 ubi
1221 2602 1277 2672 pri·

102 2708 163 2744 mus
179 2691 302 2746 omnium
317 2707 332 2746 e
348 2693 465 2747 nauibus
481 2693 509 2747 in
524 2693 592 2747 litus
602 2691 752 2747 Troianum
768 2691 906 2761 prosiluit,
924 2688 1088 2744 interiectus
1102 2691 1146 2744 est
1161 2690 1206 2759 (ad
1222 2692 1276 2760 tt).

102 2779 158 2835 ism
177 2779 206 2834 in
227 2779 267 2834 eis
286 2797 358 2849 quae
378 2781 510 2850 deinceps
529 2781 670 2836 narranda
689 2784 754 2834 sunt
772 2781 802 2836 in
820 2779 932 2834 diuersa
947 2779 1042 2834 omnia
1056 2779 1161 2834 abeunt
1179 2783 1276 2834 aucto-

101 2887 159 2938 res,
179 2873 211 2924 ut
228 2872 323 2925 tamen
342 2887 398 2924 una
417 2870 571 2940 eademque
589 2870 702 2925 fabulae
718 2869 837 2939 species,
857 2869 881 2922 si
895 2882 1033 2922 summam
1052 2869 1169 2936 spectes,
1189 2886 1276 2938 nsque

102 2960 138 3014 ad
161 2959 363 3014 Antoninorum
388 2960 588 3029 imperatorum
617 2976 719 3014 aeuum
747 2957 901 3029 optinuisse
924 2957 1061 3012 uideatur.
1104 2957 1152 3010 sed
1176 2960 1276 3026 poetae

101 3047 216 3118 tragici,
236 3066 305 3117 quos
325 3050 447 3103 fabulam
468 3048 547 3103 illam
568 3048 680 3119 saepius
699 3048 728 3103 in
749 3064 877 3103 scaenam
896 3047 1036 3101 datauisso
1056 3062 1089 3100 ex
1109 3045 1210 3100 Ouidio
1228 3050 1274 3115 (tr.

102 3138 125 3190 ll
151 3139 215 3207 404)
245 3138 367 3203 constat,
397 3136 631 3204 quemadmodum
661 3136 807 3191 historiam
835 3134 1039 3205 pertexueriut‚
1068 3152 1102 3189 cx
1130 3135 1276 3190 Protesilai

102 3224 270 3295 Euripideae
293 3226 393 3281 laceris
422 3225 586 3296 fragmentis
611 3229 672 3297 (649
692 3245 751 3296 sqq.
778 3225 910 3294 Nauckii)
939 3225 1096 3280 coniectare
1120 3243 1176 3280 non
1199 3225 1275 3295 licet,

103 3314 156 3369 nisi
175 3315 248 3383 quod
269 3332 301 3369 er
325 3316 425 3370 scholii
443 3315 578 3369 Aristidei
599 3316 616 3370 l.
637 3316 654 3369 l.
675 3316 768 3370 uerbis
790 3319 882 3384 patet,
907 3314 981 3384 apud
1002 3314 1163 3384 Euripidem
1182 3314 1275 3383 ipsum

103 3404 290 3459 Protesilaum
319 3405 385 3458 deos
412 3402 515 3458 interos
544 3406 576 3458 ut
601 3405 637 3459 ad
660 3421 772 3460 uxorem
796 3404 900 3458 rediret
923 3420 1015 3458 orasse
1039 3403 1124 3472 idque
1148 3404 1276 3472 precibus

104 3492 272 3562 optinuisse,
291 3494 323 3546 ut
340 3511 425 3547 unum
444 3509 495 3562 per
513 3493 586 3547 diem
606 3493 681 3562 apud
701 3509 813 3561 superos
832 3491 958 3546 morandi
974 3494 1100 3561 potestas
1115 3493 1139 3546 ei
1155 3492 1275 3546 daretur.

103 3582 256 3651 eademque
276 3583 358 3636 huius
377 3583 417 3637 rei
436 3583 559 3637 narratio
583 3583 657 3652 apud
676 3581 879 3636 Alexandrinos
899 3579 1068 3650 epylliorum
1087 3580 1277 3649 elegiarumue

104 3675 230 3726 auctores
249 3670 451 3727 inueniebatur.
491 3671 530 3726 sic
549 3672 624 3726 enim
639 3670 746 3740 Propi
768 3675 809 3736 19,
829 3676 857 3724 7:
877 3671 935 3724 illic
956 3669 1121 3740 Phylacides
1139 3671 1277 3724 iucundae

103 3762 227 3828 coniugis
249 3760 325 3814 beros
347 3778 404 3815 noa
423 3763 516 3829 potuit
540 3763 626 3815 corcis
648 3763 779 3815 inmanior
802 3776 856 3814 esse
879 3760 957 3825 locis,
984 3759 1031 3813 sed
1054 3759 1173 3827 cupidas
1195 3759 1277 3826 salsis

103 3851 236 3919 attingere
257 3851 363 3918 paedia
384 3850 487 3918 palmis
512 3851 650 3904 Thessalis
673 3851 815 3918 antiquam
839 3852 951 3902 uenerat
972 3848 1071 3901 ambra
1094 3849 1210 3903 domm
1249 3851 1277 3903 et

104 3937 144 3991 ita
163 3938 235 3993 Stat.
255 3938 317 3992 situ.
339 3938 362 3990 V
381 3946 410 4006 8,
429 3945 482 3992 273
508 3957 541 3993 ex
560 3938 669 3992 Heinsii
687 3936 883 3992 emendatione
902 3935 1071 3990 certissima:
1097 3937 1122 3989 ss'
1145 3936 1195 3990 lisa
1217 3954 1275 3991 aaa

103 4032 174 4081 retro
195 4028 365 4097 Phylaceida
383 4029 489 4082 rettulit
507 4029 646 4094 ambram,
664 4027 795 4095 idemque
814 4025 884 4080 Stat.
900 4024 962 4079 silu.
978 4022 1003 4076 11
1023 4030 1048 4089 7,
1069 4029 1119 4077 121
1140 4026 1175 4078 ad
1194 4025 1274 4079 fabu-

18 4144 23 4154 ·
105 4115 160 4170 lam
179 4119 303 4171 nostram
323 4117 451 4184 (tortasse
470 4134 488 4171 a
504 4116 616 4172 Lucano
635 4117 663 4171 in
683 4115 755 4170 libro
771 4112 991 4170 ‘catachtouion’
1008 4113 1096 4168 iusius
1115 4116 1275 4182 tractatam)

104 4205 239 4261 adludens
258 4205 292 4260 de
312 4206 435 4261 Lucano:
455 4223 555 4272 anam,
574 4221 685 4275 quaeso,
704 4207 774 4258 diem
792 4205 854 4258 deos
871 4204 998 4258 silerstam
1018 4218 1122 4256 exores:
1143 4202 1208 4255 solet
1227 4203 1276 4258 boc

100 4300 196 4363 patere
214 4296 295 4349 limes
314 4296 351 4348 ud
369 4301 471 4364 nuptas
489 4295 665 4349 redeuntibus
679 4294 794 4348 madiis.
824 4293 872 4346 sed
893 4306 947 4359 quo
967 4290 1050 4345 modo
1069 4291 1141 4345 hanc
1160 4289 1272 4346 fabulae

103 4382 222 4438 formam
241 4384 448 4452 exornauerint,
472 4383 555 4438 docet
573 4383 622 4437 ille
640 4383 726 4452 poeta
744 4382 853 4450 epicus,
876 4381 955 4434 cuius
978 4378 1167 4435 narrationem
1191 4381 1275 4449 paulo

158 4481 289 4523 Oaruaaus
303 4483 338 4523 ad.
352 4483 476 4523 Baehrens.
504 4482 535 4522 11.
1030 4475 1064 4525 38
