2940 4912
624 328 699 385 xcv
717 334 813 384 s-ro.
1238 328 1303 393 513

125 486 245 560 ”Obbam
265 491 328 546 Vib.
349 490 473 562 Sequest.
499 511 525 562 p.
547 497 579 545 13
599 491 630 546 Β.
650 492 751 547 Podar
770 491 879 546 Galliae
904 508 922 544 a
942 489 1022 544 Pado
1041 490 1117 545 dicta
1135 491 1220 559 (male
1240 490 1304 546 ‘Ca-

129 581 226 650 puam'
247 581 434 649 Passeratius,
455 581 588 635 ‘aduam'
608 580 737 635 IVossins
756 581 935 647 maluerunt).
973 579 1046 634 hanc
1065 581 1159 633 autem
1178 579 1305 634 Paduam

127 667 214 723 fuisse
233 670 354 738 patriam
373 669 498 737 Volusii,
522 687 671 740 perperam
690 669 776 740 uulgo
796 671 933 724 statuunt.
971 685 1035 724 nam
1055 668 1078 722 si
1096 667 1205 738 Padus,
1224 670 1305 740 igno-

128 758 196 813 bilis
215 759 272 813 iere
292 760 387 830 magni
406 759 494 829 patris
513 759 584 813 Padi
608 758 680 828 filia,
705 776 768 813 cum
792 758 908 814 consilio
932 759 1084 829 opponitur
1102 758 1252 813 nobilitato
1271 776 1308 813 ex·

128 847 234 902 fabulis
254 847 402 916 Satracho,
425 847 527 902 fluuius
551 847 652 915 fluuio,
675 846 860 917 oppositionis
883 844 1070 916 aequabilitas
1093 847 1123 900 in
1141 863 1176 901 ea
1194 865 1304 918 quoque

130 953 159 991 rc
189 938 303 992 seruata
330 939 367 993 sit
395 938 519 1007 oportet,
543 936 619 1005 quod
642 952 732 1006 aeque
757 953 789 990 33
813 935 964 992 Satrachus
993 953 1026 990 ox
1054 935 1157 992 Cinnae
1186 938 1305 1008 Zmyrna

129 1025 241 1080 Padusa
261 1026 397 1081 memoria
420 1043 454 1079 ex
473 1025 584 1080 Volusii
603 1026 750 1080 annalibus
769 1025 861 1095 petita
885 1029 940 1080 ests
964 1026 997 1078 ut
1020 1043 1083 1080 curn
1103 1026 1238 1081 Satracho
1257 1045 1304 1082 no-

128 1114 193 1169 bilis
211 1114 308 1183 aliqua
323 1113 442 1169 Cinnani
455 1115 594 1184 poematis
612 1114 777 1184 descriptio,
796 1114 838 1169 ita
856 1132 919 1168 cnm
939 1112 1036 1169 Padus
1055 1114 1177 1184 insignes
1197 1114 1306 1170 Volusii

130 1203 254 1273 ineptiae
282 1203 415 1258 uidentur
442 1203 527 1258 fuisse
556 1204 727 1258 coniunctae.
772 1206 801 1258 et
824 1203 908 1258 latius
931 1204 1011 1273 patet
1038 1204 1222 1272 comparatio:
1249 1221 1305 1259 non

81 1316 85 1323 ·
131 1293 373 1362 transgredientur
388 1293 503 1347 annales
516 1292 624 1347 Volusii
639 1291 738 1348 Italiae
753 1293 829 1359 fines,
843 1291 1016 1361 bibliopolae
1031 1292 1150 1347 Romani
1166 1296 1304 1363 emptores

128 1399 185 1437 non
204 1381 377 1453 reperientes
397 1380 512 1436 mittent
526 1381 591 1436 illos
607 1383 643 1436 sd
657 1381 790 1449 Paduam,
810 1381 834 1436 si
853 1382 926 1437 forte
944 1385 1067 1437 ueneaut
1085 1382 1159 1451 apud
1178 1382 1305 1438 homines

128 1471 247 1527 rusticos
266 1488 361 1526 eansm
379 1470 539 1541 regionum,
562 1487 634 1539 quae
658 1487 722 1525 cum
741 1472 823 1527 rebus
848 1470 984 1525 enarratis
1008 1472 1170 1540 cohaereut;
1195 1472 1244 1527 sed
1263 1471 1303 1526 ibi

128 1577 239 1630 quoque
257 1561 395 1631 (‘ipsam’)
414 1560 470 1615 cito
494 1559 651 1615 interibunt
674 1561 805 1631 neglecti.
843 1561 927 1615 simul
946 1563 1041 1615 antem
1059 1560 1207 1629 discimus,
1227 1562 1306 1630 quid·

129 1667 195 1704 nam
214 1650 272 1704 fere
292 1649 481 1705 continuerint
505 1649 599 1704 saltim
623 1667 657 1704 ex
676 1652 756 1719 parte
781 1650 897 1704 annales
916 1650 976 1704 isti:
1002 1667 1071 1719 opus
1093 1648 1251 1704 Ennianum
1275 1653 1307 1704 ut

129 1738 246 1792 Hostius
265 1737 371 1792 bellurn
389 1737 533 1807 lotricum,
553 1739 602 1793 alii
622 1738 680 1794 alia
698 1739 775 1794 bella
793 1741 893 1808 postea
911 1740 992 1809 gesta
1011 1739 1141 1793 addendo
1160 1740 1306 1794 continna-

129 1829 243 1894 uerunt,
268 1826 308 1881 sio
334 1826 462 1883 Volusius
485 1831 580 1883 noster
603 1845 647 1881 res
671 1845 688 1882 3
711 1828 845 1883 Romanis
874 1828 903 1882 in
926 1827 1020 1882 Gallia
1048 1828 1186 1897 cisalpina
1212 1831 1306 1899 gestas

129 1915 278 1970 materiam
302 1916 439 1986 poematis
463 1933 497 1971 ex
520 1916 616 1972 multis
639 1916 830 1972 uoluminibus
858 1917 1011 1972 constantis
1039 1917 1092 1971 sibi
1120 1919 1248 1986 sumpsit.
1273 1948 1305 1957 —

130 2004 159 2059 3.
182 2005 214 2059 31
235 2004 323 2060 laxas
346 2006 495 2061 scombris
521 2020 610 2076 saepe
634 2005 750 2060 dabunt
772 2006 904 2061 1331333.
941 2022 959 2059 3
976 2006 1087 2061 nemine
1105 2005 1173 2061 lecti
1190 2005 1306 2061 annales

132 2092 181 2147 isti
200 2094 361 2148 deferentur
380 2094 408 2148 iu
427 2095 570 2162 tabernas,
589 2094 639 2149 ubi
659 2111 677 2149 a
696 2094 888 2150 uenditoribus
904 2095 1072 2150 adhibentur
1086 2096 1121 2149 ad
1136 2096 1306 2150 amiciendes

133 2183 192 2238 siue
212 2182 396 2238 inuoluendas
415 2201 538 2251 merces,
556 2183 722 2255 praesertim
737 2184 829 2254 pisces
842 2184 978 2239 marinos:
998 2183 1063 2240 Hor.
1079 2184 1160 2254 epist.
1174 2185 1201 2238 11
1217 2191 1239 2251 1,
1254 2191 1306 2239 263

130 2273 292 2339 desereris
314 2273 409 2326 micum
431 2275 590 2328 uendentem
616 2278 661 2327 tus
683 2279 709 2328 ct
736 2274 830 2328 odores
858 2278 883 2328 ct
906 2274 989 2342 piper
1012 2279 1036 2328 et
1058 2275 1192 2345 quidquid
1222 2275 1306 2329 333113

129 2363 260 2416 amicitur
277 2363 392 2430 imptis,
411 2360 485 2417 Pers.
508 2370 536 2429 1,
555 2369 589 2416 43
608 2379 657 2417 mcc
675 2363 811 2418 scombros
828 2363 976 2416 metuentia
999 2363 1123 2417 carmina
1141 2381 1190 2418 mcc
1208 2368 1253 2418 tas
1272 2364 1306 2418 de

130 2448 211 2504 bouis
228 2449 322 2519 libris,
342 2449 412 2506 Stat.
432 2450 494 2505 silu.
514 2450 553 2504 IV
573 2457 603 2519 3,
625 2458 671 2519 12,
689 2452 771 2507 biart.
791 2451 879 2519 1112,
899 2458 915 2505 3
931 2468 990 2520 sqq.
1015 2454 1045 2506 et
1063 2452 1102 2505 111
1120 2456 1168 2518 50,
1188 2459 1203 2506 9
1222 2469 1305 2507 scom-

130 2539 187 2594 bris
204 2541 333 2594 scelerata
347 2546 477 2610 posomla
495 2541 583 2595 domas
602 2543 631 2594 et
648 2539 687 2595 IV
707 2547 756 2609 36,
775 2546 792 2595 3
810 2557 860 2595 mec
877 2541 1007 2595 scombris
1025 2542 1233 2596 133133εά313
1251 2558 1305 2596 mo·

130 2630 210 2683 testas
228 2632 258 2683 ct
276 2629 340 2683 XllI
360 2635 389 2697 1,
410 2629 505 2684 Sidon.
521 2629 614 2698 Apoll.
629 2627 654 2681 X
673 2634 724 2683 311
745 2631 845 2696 (carta)
864 2645 936 2697 qaue
952 2630 1086 2684 scombros
1103 2633 1198 2687 merito
1214 2632 1306 2700 piper-

130 2735 180 2786 qme
200 2722 302 2786 portem
326 2718 361 2773 cf.
386 2718 415 2771 et
434 2719 595 2774 Athenaeus
614 2737 640 2788 p.
661 2724 729 2785 374,
753 2716 952 2785 Marquardtus
971 2717 1078 2786 antiqq.
1102 2719 1173 2788 prin.
1197 2737 1224 2788 p.
1245 2726 1305 2776 132.

131 2806 218 2862 ‘lara’
238 2807 385 2862 inuoluere
403 2808 533 2874 audiunt,
558 2807 626 2875 quis
650 2807 766 2861 annales
790 2807 838 2861 isti
856 2824 890 2862 ex
909 2805 994 2861 cartis
1014 2807 1181 2861 constabant
1199 2806 1305 2862 formae

131 2897 283 2966 maximae,
297 2899 427 2965 utquam
442 2897 593 2966 plurimum
608 2897 693 2964 ineis
709 2895 793 2951 scribi
808 2897 916 2966 posset;
938 2897 1043 2966 ‘saepe’
1061 2897 1097 2950 ob
1111 2896 1305 2952 inexhaustam

132 2989 270 3040 cartarum
294 2986 322 3040 in
348 2984 538 3040 uoluminibus
561 2983 657 3055 spissis
683 2985 801 3055 copiam.
827 3017 859 3024 —
883 2987 913 3041 3.
938 2999 1035 3055 parua
1059 2985 1119 3040 mel
1144 2985 1218 3039 mlbl
1243 2985 1307 3039 slut

131 3073 217 3130 cordi
242 3075 443 3130 monumenta.
487 3075 568 3144 parui
594 3076 633 3143 (31
658 3091 721 3129 cum
748 3092 815 3130 cura
840 3074 988 3142 elaborati)
1015 3074 1118 3142 libelli,
1145 3074 1236 3142 qualis
1262 3077 1306 3129 est

132 3163 259 3233 Zmyrna,
279 3163 379 3232 quibus
394 3163 484 3219 Cinna
502 3162 556 3217 sibi
574 3164 655 3233 ponit
673 3167 883 3220 monumentum
899 3164 949 3233 (XI
965 3166 1017 3233 10),
1036 3164 1107 3218 mibi
1121 3163 1234 3233 quidem
1250 3165 1306 3218 sint

131 3251 160 3306 in
183 3269 278 3308 amore
302 3252 465 3320 deliciisque
485 3251 609 3320 (LXXXI
623 3256 658 3323 5).
702 3271 813 3308 uersum
836 3254 1000 3310 lacunosum
1024 3253 1101 3308 uarie
1126 3254 1304 3323 supplebant,

134 3342 271 3398 Auentina
292 3340 420 3396 ‘sodalis’
446 3341 481 3410 (X
501 3346 560 3410 23),
579 3342 740 3397 BGuarinus
760 3344 883 3413 ‘poetae’
904 3344 1032 3398 addendo
1051 3344 1094 3411 (ut
1112 3343 1222 3396 mittam
1241 3343 1306 3412 alie,

134 3433 166 3484 ut
185 3431 336 3487 ‘Philotae’
362 3435 391 3486 et
410 3431 594 3497 ‘Phanoclis‘3
622 3448 687 3485 nem
711 3437 792 3487 erant
815 3433 863 3502 qui
886 3434 939 3487 hoc
964 3431 1104 3486 distichon
1127 3449 1145 3485 a
1167 3431 1305 3501 prioribus

132 3518 323 3590 seiungerent,
347 3522 381 3576 31.
402 3520 565 3576 Schwabius
584 3536 610 3587 q.
630 3519 658 3574 C.
679 3538 705 3588 p.
725 3526 802 3588 282);
828 3521 897 3575 mihi
923 3523 952 3575 et
970 3519 1069 3574 fortius
1089 3522 1118 3573 et
1136 3520 1243 3588 gratius
1263 3521 1306 3573 est

133 3611 224 3664 uisum
242 3609 333 3678 repeti
355 3627 457 3665 nomen
476 3608 594 3675 Cinnae,
618 3611 651 3662 31
674 3609 702 3662 13
726 3609 816 3678 primo
836 3609 992 3678 ultimoque
1012 3610 1133 3663 disticho
1155 3607 1304 3662 3131013-

132 3698 201 3754 nae’
222 3697 346 3768 legatur,
370 3715 420 3752 333
444 3698 485 3752 113
507 3696 622 3752 difficile
642 3697 739 3752 ‘cine’
765 3701 830 3767 post
854 3698 942 3752 ‘sint’
967 3697 1117 3752 intercidit.
1142 3728 1175 3737 —
1201 3697 1247 3750 10.
1275 3697 1307 3751 31

134 3787 263 3858 populus
282 3787 397 3844 tumido
416 3785 546 3853 gandeat
564 3785 752 3841 3311333113.
789 3789 819 3839 st
843 3785 945 3856 uulgus
964 3787 1112 3856 profanum
1133 3785 1209 3854 (Hor.
1230 3787 1273 3840 od.
1294 3786 1305 3839 1

135 3883 162 3944 1,
188 3884 221 3932 32
245 3884 388 3933 secernant
411 3877 527 3946 populo)
551 3875 579 3928 in
604 3875 711 3929 deliciis
735 3875 839 3931 habeat
862 3876 1009 3933 Volusium
1034 3876 1122 3930 instar
1145 3874 1305 3928 Antimachi

134 3964 324 4035 (Colophonii,
349 3965 425 4022 circa
448 3983 473 4020 a.
493 3969 545 4018 400
570 3965 703 4034 uigentis)
727 3964 843 4035 inprobo
867 3966 1062 4035 inmodiceque
1082 3966 1203 4034 longum.
1240 3982 1304 4018 nam

133 4054 185 4110 boo
204 4057 332 4126 apertum
352 4059 396 4110 est
414 4054 556 4125 designari
571 4052 716 4108 Volusium
736 4053 826 4125 ipsum
843 4057 954 4111 nomine
971 4054 1133 4110 Antimacbi
1148 4052 1235 4122 (XXII
1253 4055 1305 4121 13),

133 4144 183 4212 qui
200 4144 313 4200 infamis
333 4149 394 4201 erat
411 4147 446 4201 ob
471 4143 623 4201 carminum
643 4143 807 4210 (Thebaidis
826 4146 959 4213 maxime,
984 4145 1056 4214 epici
1081 4143 1222 4212 carminis)
1248 4159 1305 4195 am-

133 4233 222 4288 bitum
245 4234 401 4289 inmensum
425 4238 486 4289 tarn
509 4252 542 4289 ex
566 4231 775 4303 degressionum
799 4233 858 4288 sine
882 4235 936 4288 fine
961 4232 1098 4288 saetarum
1125 4230 1305 4285 multitudine

132 4323 216 4391 (Plut.
236 4323 262 4378 d.
282 4341 355 4394 garr.
375 4327 419 4392 21)
444 4340 528 4393 qnam
555 4340 589 4376 ex
612 4321 702 4376 causis
725 4340 817 4376 rerum
835 4323 998 4393 longissime
1016 4320 1144 4391 repetitis
1163 4320 1304 4390 profluen-

132 4413 203 4477 tem3
223 4413 258 4466 31.
278 4413 333 4468 (lic.
353 4413 429 4468 Brut.
450 4419 499 4478 bl,
520 4416 583 4480 131,
607 4409 708 4481 Porpb.
735 4412 771 4466 ad
789 4411 856 4467 Hor.
877 4430 900 4467 3.
926 4430 951 4481 p.
972 4419 1023 4467 113
1047 4411 1228 4467 Antimachus
1250 4409 1307 4476 suit

1038 4499 1093 4555 37*
