2940 4912
145 298 188 363 24
585 296 870 354 PROLEGOMENA.

145 468 236 527 altius
264 468 402 528 euoIante
431 469 462 526 et
489 464 591 543 perfici
618 466 807 527 institutione
834 467 1007 526 litterarum
1035 470 1067 526 et
1089 485 1198 527 nomen
1229 468 1323 529 hono·

144 585 267 642 remque
291 565 444 641 consequi
459 565 631 641 cupiebant,
659 566 695 622 ut
717 567 807 624 antea
830 568 1008 642 posteaque,
1036 565 1078 625 sic
1106 565 1159 624 illo
1186 566 1324 642 tempore

145 663 317 740 prouinciae
330 663 459 721 maxime
473 661 707 739 suppeditabant
720 663 842 739 ingenia
855 663 886 723 in
901 662 1011 723 litteris
1026 662 1189 723 eminentia
1200 663 1323 738 Romae,

146 780 222 838 quae
245 780 281 820 er
305 779 360 820 sua
382 763 468 837 parte
492 760 648 820 excolebat
675 779 711 820 ea
734 764 764 819 et
787 761 876 820 laude
900 761 1056 837 gloriaque
1080 779 1229 837 nusquam
1251 762 1323 823 iaci-

147 860 206 918 lius
224 857 405 918 inucnienda
421 857 645 917 exstimulabat.
684 877 743 917 una
762 857 862 918 Gallia
880 858 1096 935 Transpadana
1113 863 1178 919 tum
1197 859 1323 920 Romam

147 956 230 1016 misit
253 955 424 1016 Cornelium
448 955 608 1032 Nepotem,
632 954 788 1015 Valerium
807 954 964 1032 Catonem,
987 955 1112 1014 Furium
1135 955 1323 1035 Bibaculum,

148 1054 326 1125 Quintilium
345 1053 473 1128 Varum,
497 1051 701 1131 Cornificium3
725 1072 799 1130 quos
818 1057 939 1131 praeter
957 1053 1137 1113 Bibaculum
1155 1073 1257 1114 omnes
1276 1059 1324 1115 ut

147 1157 217 1229 pote
245 1154 454 1212 conterraneos
482 1152 562 1210 inter
585 1150 697 1211 Catulli
723 1153 821 1212 nostri
843 1154 953 1212 amicos
981 1153 1073 1213 fuisse
1102 1152 1165 1212 eiua
1181 1152 1324 1229 ‚carmus

148 1252 307 1310 testantur.
340 1249 419 1309 iuter
438 1249 522 1309 cuius
542 1252 656 1309 eeteros
675 1248 841 1309 familiares
860 1249 1011 1310 Romanos
1031 1253 1118 1309 erant
1135 1249 1217 1310 haud
1235 1250 1325 1326 pauci

148 1348 208 1406 uiri
230 1346 345 1406 nobiles
369 1346 513 1422 clarique,
540 1345 575 1404 L.
594 1346 724 1408 Manlius
748 1348 918 1425 Torquatus
944 1342 1026 1429 (LXI
1047 1341 1118 1427 16),
1141 1348 1323 1409 Hortensius

150 1444 273 1505 Ortalus
297 1447 399 1504 orator
422 1435 547 1523 (LXV),
570 1442 681 1503 Caluus
711 1462 802 1521 supra
828 1445 889 1503 iam
912 1449 1174 1522 commemoratus,
1198 1445 1323 1507 Asinius

149 1542 245 1602 Pollio
275 1534 346 1621 (XII
371 1534 419 1620 6),
447 1543 483 1600 ut
510 1541 585 1600 alios
612 1541 711 1602 minus
739 1542 859 1618 quidem
887 1545 974 1602 notos
1003 1541 1055 1601 sed
1083 1545 1191 1619 poetae
1219 1547 1324 1605 nosue

150 1658 243 1716 aeque
267 1658 369 1715 caros,
391 1641 426 1698 ut
444 1638 607 1699 Veranium
631 1643 662 1698 et
680 1631 890 1718 Fabullum*),
913 1638 1059 1699 omittam.
1095 1640 1137 1699 sio
1161 1641 1325 1701 amicorum

151 1738 282 1798 dulcium
310 1736 524 1797 consuetudine
552 1737 655 1796 fruens
686 1739 825 1814 uitaeque
853 1736 986 1797 urbanae
1009 1736 1120 1813 gaudia
1142 1737 1325 1816 deliciasque

151 1836 250 1895 animo
277 1835 403 1895 iuuenili
429 1834 596 1911 percipiens
621 1834 758 1896 Catullus
788 1835 981 1895 incumbebat
1007 1835 1170 1911 inpellente
1197 1841 1326 1901 naturae

151 1933 251 1993 indole
280 1933 387 1993 studiis
415 1951 553 2009 poeseos,
582 1932 620 1992 ad
648 1953 737 2009 quam
761 1934 896 1994 tendenti
925 1933 1047 1994 idoneos
1071 1935 1233 2012 magistros
1256 1938 1327 1997 sub·

152 2032 287 2108 sidiaque
310 2031 461 2091 litteraria
479 2031 574 2090 Itoma
596 2031 714 2091 abunde
732 2033 911 2109 praebebat,
935 2033 1027 2094 donee
1051 2052 1087 2092 ea
1105 2033 1224 2108 femina,
1247 2053 1328 2111 quae

153 2150 220 2189 eum
242 2129 323 2188 illius
346 2129 466 2189 nomine
488 2129 519 2187 in
543 2147 629 2188 omne
654 2133 701 2189 est
724 2131 881 2191 coniuncta
904 2133 1040 2207 tempus,
1063 2132 1183 2207 poetam
1206 2133 1328 2194 scholae

152 2230 338 2290 subtractum
363 2228 409 2287 eui
432 2227 504 2287 feeit
526 2227 600 2286 iuris
629 2228 784 2288 excitando
808 2229 839 2289 in
862 2230 915 2289 illo
938 2228 1055 2306 proprii
1077 2229 1193 2305 ingenii
1215 2229 1325 2306 ignem.

242 2327 285 2386 De
308 2326 435 2386 Lesbiae
459 2343 588 2401 persona
610 2327 817 2401 quaestionem
839 2327 1052 2404 grauissimam
1076 2318 1160 2408 (uam
1183 2327 1328 2403 plurimo·

152 2445 219 2485 rum
243 2424 408 2484 carminum
435 2426 466 2482 et
488 2424 659 2483 intellectus
688 2427 719 2483 et
745 2425 818 2484 ordo
845 2423 1073 2500 chronologicus
1100 2423 1170 2483 inde
1201 2422 1328 2507 pendet)

152 2523 358 2584 adorieutibus
381 2521 467 2583 nobis
488 2522 710 2598 praemittenda
733 2525 803 2581 suut
825 2522 970 2581 nonnulla
987 2521 1084 2599 magis
1103 2523 1135 2581 in
1152 2523 1329 2584 uniuersum

154 2621 327 2700 spectantia.
375 2620 432 2679 etsi
457 2620 512 2679 alii
535 2623 642 2696 poetae
667 2612 766 2700 (uelut
789 2621 932 2681 Horatius
960 2624 992 2680 et
1015 2612 1154 2702 Ouidius)
1183 2640 1274 2698 saepe
1296 2624 1330 2683 in

153 2719 300 2797 poematis
325 2719 387 2778 suis
412 2718 497 2777 fictas
520 2718 615 2777 libere
639 2719 756 2794 puellas
775 2719 975 2794 adloquantur
995 2718 1166 2779 nominibus
1183 2720 1330 2795 mentitis,

154 2816 306 2876 Catullum
334 2821 436 2874 tamen
460 2808 509 2894 (ut
538 2816 677 2875 simililer
700 2815 854 2876 Tibullum
878 2807 1144 2898 Propertiumque)
1172 2836 1232 2878 non
1255 2819 1329 2880 aeci·

153 2917 234 2976 nisse
257 2914 316 2974 nisi
339 2933 415 2990 quae
438 2913 502 2989 ipse
528 2915 567 2974 sit
591 2921 732 2991 expertus
755 2916 843 2991 plane
867 2918 993 2991 apparet
1016 2934 1051 2974 ex
1075 2913 1139 2974 eius
1162 2915 1329 2975 carminum

154 3015 252 3075 colore
280 3016 371 3088 atque
398 3010 510 3070 indole:
541 3011 615 3071 adeo
645 3011 755 3089 ubique
785 3017 816 3073 et
842 3015 874 3072 in
901 3013 1036 3089 personis
1060 3016 1220 3072 occurrunt
1240 3013 1329 3075 nobis

154 3112 299 3189 imagines
322 3131 380 3171 uon
399 3129 496 3169 uanae
519 3128 554 3169 ac
577 3111 722 3187 sanguine
745 3115 881 3171 carentes
900 3110 953 3170 sed
979 3110 1068 3170 uiuae
1091 3113 1278 3189 uegetaeque
1296 3116 1331 3173 et

154 3214 186 3272 in
209 3210 296 3270 dictis
320 3209 475 3284 aeneisque
499 3227 566 3268 eam
585 3209 729 3268 habemus
750 3210 923 3283 ueritatem,
947 3227 1037 3285 quam
1060 3209 1146 3268 nulla
1168 3227 1217 3268 ars
1236 3212 1329 3287 atque

155 3309 324 3387 meditatio,
349 3309 400 3368 sed
425 3308 489 3367 sola
512 3308 578 3366 uita
599 3311 745 3383 procreat.
781 3309 891 3368 amoris
915 3306 995 3366 enim
1016 3307 1130 3383 gaudia
1152 3306 1332 3384 doloresque

156 3413 190 3469 ut
208 3409 272 3485 ipse
292 3408 390 3466 auimo
410 3406 542 3482 percepit
562 3406 604 3465 sIc
618 3407 756 3466 uersibus
775 3407 931 3466 mandauit
945 3404 1082 3465 Catullus
1102 3425 1198 3482 neque
1217 3406 1333 3468 addam

156 3508 319 3584 quidquam
342 3523 437 3581 neque
461 3503 631 3575 detrahens,
655 3505 708 3563 sed
731 3524 848 3581 semper
867 3503 1011 3581 quidquid
1034 3522 1085 3565 cor
1107 3502 1204 3564 mouit
1225 3504 1256 3564 id
1279 3524 1329 3565 ex·

156 3606 288 3681 primens
313 3604 423 3663 solum:
447 3602 612 3661 meditandi
634 3602 670 3660 de
693 3603 741 3662 his
765 3604 851 3662 malis
870 3604 1018 3679 laetisque
1041 3603 1192 3679 latiusque
1210 3621 1246 3662 ea
1263 3622 1331 3679 per·

157 3700 300 3777 sequendi
327 3702 423 3760 a‘rtem
452 3694 510 3778 (er.
534 3720 578 3777 gr·
602 3700 757 3776 Propertio
782 3693 976 3784 familiarem)
1003 3702 1093 3761 homo
1122 3701 1247 3778 simplex
1269 3720 1331 3762 non

157 3799 270 3858 calluit
303 3798 345 3857 sic
364 3817 400 3856 ex
424 3799 507 3874 cyclo
527 3798 689 3856 carminum
714 3800 751 3858 ad
774 3800 911 3859 Lesbiam
931 3800 1146 3876 pertinentium
1165 3798 1331 3860 certissime

157 3897 243 3956 uobis
268 3897 383 3954 ratione
406 3898 635 3972 procedentibus
662 3898 820 3957 historiam
843 3900 953 3959 amoris
977 3900 1059 3960 illius
1082 3899 1153 3959 licet
1179 3898 1330 3974 detegere.

228 4076 253 4145 ⁸)
280 4076 336 4131 nisi
359 4077 431 4131 Iorte
455 4077 484 4131 ct
507 4077 557 4130 hos
581 4076 717 4132 amiculos
741 4078 916 4133 dulcissimos
940 4095 973 4132 ex
997 4075 1096 4131 eadem
1120 4078 1235 4149 regione
1255 4078 1332 4133 ortos

157 4160 214 4213 iam
234 4177 251 4212 a
273 4174 361 4228 puero
386 4157 513 4227 cognitos
538 4157 638 4210 habuit
662 4157 817 4228 dilexitque
837 4157 972 4211 Catullus.
1009 4157 1130 4209 ceterum
1152 4158 1277 4213 carmina
1294 4157 1331 4212 ad

162 4256 210 4293 eos
224 4238 320 4305 missa,
335 4239 408 4307 quod
425 4238 460 4290 ad
475 4240 586 4306 tempus
600 4237 710 4305 attinet,
726 4241 768 4295 ita
781 4240 846 4293 sunt
860 4235 1067 4305 distinguenda,
1081 4238 1113 4288 ut
1127 4237 1163 4290 ad
1179 4255 1282 4292 annum
1298 4244 1332 4293 tl

158 4319 217 4374 fere
236 4318 274 4370 IX
295 4319 382 4389 (IIII),
407 4318 471 4372 XIII
490 4321 519 4372 et
543 4322 586 4387 (ut
604 4319 738 4389 suspicor)
757 4320 795 4373 VI
813 4317 986 4388 pertiueaut,
1009 4315 1046 4370 ad
1067 4329 1092 4370 a
1112 4320 1147 4370 tt
1166 4316 1286 4373 XXVIII
1305 4322 1335 4373 et
