2940 4912
141 284 205 338 Vlll
621 277 837 335 PRAEFATIO.

142 452 315 512 tardissimo
343 451 451 510 aberat
479 451 541 509 iere
570 447 718 508 dubitatio
747 451 838 508 acuta
865 452 895 508 et
922 448 1008 507 diues
1035 446 1091 508 illa
1113 468 1190 509 uena
1217 449 1320 508 critica

147 550 373 626 diuinandique‘
386 541 527 627 εὐστοχία.
564 545 642 606 unde
665 545 890 606 Lachmannum
913 566 985 607 urero
1009 548 1128 624 ingenio
1152 548 1320 624 praeditum

144 651 249 724 utpote
278 665 309 706 se
344 646 489 706 maiorem
518 645 603 720 quasi
630 663 685 720 per
713 642 951 721 εἰδωλολατρείαν
984 649 1143 705 ueneratus
1171 647 1322 705 seruiliter

144 746 234 806 huius
263 747 380 804 textum
409 742 626 817 Catullinum,
657 741 741 800 cuius
770 741 970 802 condicionem
999 763 1105 819 parurn
1134 747 1321 820 perspectam

144 842 265 917 habuit,
288 842 440 903 rarissime
463 840 606 902 deseruit.
654 859 835 916 quemquam
858 839 1032 916 Hauptiaua
1054 841 1108 899 illa
1131 834 1323 916 ‘prudentia’,

148 962 216 1003 oum
239 940 419 1017 praesertim
447 958 467 999 a
493 939 612 999 scholae
635 938 839 998 Beroliuensis
867 936 1066 998 sectatoribus
1094 941 1157 996 tam
1180 957 1269 1014 saepe
1292 942 1323 996 et

146 1038 319 1117 praedicata
343 1039 382 1097 sit
405 1041 437 1098 et
458 1037 630 1097 etiamnunc
659 1036 862 1112 praedicetur,
891 1054 909 1094 a
932 1036 1035 1095 multis
1059 1035 1146 1099 bodie
1170 1037 1244 1095 adeo
1267 1056 1321 1112 pro

147 1156 266 1198 summa
283 1137 314 1195 in
333 1136 498 1212 philologia
516 1135 607 1194 laude
626 1133 768 1208 babetur,
787 1138 822 1193 ιιι
841 1152 947 1193 euersa
966 1135 1006 1193 sit
1025 1153 1119 1210 paene
1138 1137 1222 1194 recta
1235 1135 1323 1193 aesti-

55 1268 63 1276 ·
147 1235 240 1295 matio
263 1238 295 1294 et
317 1234 379 1294 fere
403 1233 549 1294 obliuioni
573 1233 692 1305 datum,
717 1252 785 1292 eum
804 1232 923 1291 demunt
942 1250 1015 1292 uere
1038 1250 1181 1308 magnum
1204 1251 1270 1291 esse
1293 1232 1322 1288 in

148 1352 333 1412 quacumque
353 1332 525 1408 disciplina,
546 1331 578 1391 in
597 1349 655 1407 quo
673 1331 733 1390 arti
752 1348 886 1391 summae
905 1330 1093 1391 coniunctum
1114 1331 1155 1390 sit
1173 1349 1322 1390 summum

148 1432 315 1508 ingenium3
338 1432 468 1507 qualem·
481 1429 721 1490 coniunctionem
745 1428 929 1489 admiramur
952 1429 983 1487 in
1005 1429 1134 1488 marimo
1153 1428 1242 1488 huius
1261 1447 1323 1487 sae·

89 1528 93 1535 ’
148 1529 207 1590 culi
230 1529 382 1605 philologo
406 1527 579 1589 Bitscbelio.
977 1605 979 1609 Ι

238 1626 297 1686 Sed
324 1627 392 1702 ipsa
417 1629 585 1702 temporum
614 1629 786 1686 nostrornm
819 1628 897 1686 ratio
928 1625 1013 1701 tulit,
1045 1630 1079 1686 ut
1106 1629 1204 1686 motas
1233 1627 1325 1686 semol

148 1724 340 1802 quaestiones
354 1727 607 1801 persequerentur
621 1724 725 1785 sedulo
742 1723 799 1782 uiri
815 1722 944 1799 strenui,
959 1722 1055 1782 ueluti
1069 1722 1121 1783 CG
1131 1724 1324 1799 Helbigius

149 1824 180 1882 iu
195 1822 407 1883 dissertatione
423 1823 568 1898 iuscripta
582 1815 646 1881 ‘nur
657 1820 899 1881 Charakteristik
914 1821 966 1879 des
979 1813 1023 1878 C?
1038 1820 1069 1878 in
1083 1821 1160 1880 libro
1171 1815 1324 1881 ‘deutsche

50 1958 54 1966 ·
150 1915 369 1981 Jahrbnecber'
390 1915 491 2002 (1842
511 1941 540 1997 p.
562 1922 646 1979 1213
666 1913 758 2000 sqq),
777 1918 1188 1995 W'l'blungclaussenus
1207 1919 1238 1977 in
1256 1939 1324 1994 pro-

152 2021 319 2097 grammate
338 2017 505 2080 Itaeboeusi
525 2038 550 2077 a.
568 2019 652 2078 1857
675 2011 739 2076 ‘zur
758 2016 958 2094 Chronologie
978 2016 1031 2075 der
1051 2015 1194 2077 Gediohte
1213 2018 1265 2077 des
1281 2012 1324 2076 C?

151 2117 312 2177 ethorum
336 2115 443 2175 studiis
467 2116 499 2175 et
521 2115 578 2192 eis,
601 2132 677 2191 quae
700 2113 761 2173 iam
785 2113 901 2190 priores
924 2117 1175 2174 commentatores
1196 2115 1227 2174 in
1250 2115 1326 2174 hanc

151 2216 268 2293 partem
292 2213 490 2290 collegerant,
512 2233 571 2274 nou
594 2213 692 2271 minus
716 2231 805 2288 quam
829 2212 958 2287 propriis
982 2211 1240 2287 disquisitionibus
1265 2233 1325 2272 am-

151 2314 210 2391 plis
239 2313 494 2390 diligentibusque
525 2312 643 2372 iunixus
675 2309 847 2369 uniuersam
879 2309 915 2368 de
944 2313 1050 2386 poetae
1079 2311 1143 2370 uita
1171 2311 1327 2370 materiam

154 2412 211 2472 sibi
230 2410 420 2470 tractandam
439 2411 568 2487 sumpsit
581 2408 787 2469 Ludouicus
808 2406 1032 2485 Schwabius,
1051 2409 1102 2487 qui
1121 2408 1233 2468 librum
1247 2410 1328 2468 lucu-

153 2511 270 2569 lentum
295 2512 326 2569 et
348 2508 379 2567 in
402 2509 539 2569 omnibus
562 2510 651 2570 rebus
674 2508 732 2566 hue
751 2504 971 2583 pertinentibus
989 2507 1197 2579 utilissimum,
1216 2508 1263 2566 cui
1283 2512 1330 2566 cst

155 2608 263 2668 titulus
288 2601 510 2682 ‘quaestionum
530 2607 770 2666 Catullianarum
787 2604 865 2665 liber
883 2597 919 2683 I’,
942 2603 1048 2665 Gissae
1066 2624 1093 2665 a
1116 2607 1199 2666 1862
1223 2607 1330 2666 emisit.

157 2723 245 2782 quern
277 2703 328 2779 qui
355 2705 451 2762 secuti
475 2707 546 2762 suunt
569 2704 649 2763 docti
676 2703 708 2761 in
731 2702 835 2762 eodem
863 2707 1041 2777 argumento
1069 2707 1227 2764 uersantes
1252 2697 1331 2785 (con-

105 2859 110 2868 ,
154 2818 285 2862 memoro
304 2799 422 2859 libellos
443 2799 666 2859 ORibbsclrii
685 2793 729 2858 Ὀ.
744 2799 885 2858 Valerius
900 2795 1059 2878 Catullus',
1079 2803 1176 2862 Kiliae
1195 2804 1278 2862 1863
1299 2807 1330 2860 et

155 2897 320 2958 ACouati
349 2890 454 2955 ‘stude
482 2915 535 2957 sur
563 2888 708 2972 Catulle’,
736 2895 830 2955 Paris.
861 2888 975 2976 1875),
1006 2917 1043 2957 ex
1073 2899 1120 2959 his
1148 2919 1234 2959 nemo
1264 2901 1330 2975 plus

155 2995 309 3073 praestitit
332 3012 421 3070 quam
445 2993 727 3069 RWestphalius
751 2992 781 3049 in
804 2990 882 3050 libro
914 2998 945 3051 et
967 2995 1100 3071 eleganti
1123 3000 1155 3055 et
1177 2996 1330 3071 ingenioso

156 3089 296 3154 ‘Catull's
322 3085 478 3152 Gedichte’
504 3084 723 3172 (Vratislaviae
748 3079 856 3168 1867).
902 3088 950 3149 bio
978 3092 1048 3151 licet
1075 3092 1226 3152 interdum
1249 3093 1331 3167 cogi-

156 3191 264 3252 tationi
287 3190 381 3250 libere
405 3184 538 3249 euolauti
560 3188 649 3247 nimis
678 3185 840 3246 indulserit
861 3184 1007 3248 historiae
1030 3188 1119 3248 fidem
1142 3189 1331 3264 sobriamque

157 3289 395 3366 disquisitionem
410 3287 498 3364 parui
510 3287 638 3361 faciens,
652 3290 755 3345 tamen
768 3282 848 3342 haud
867 3302 964 3359 pauca
982 3304 1001 3345 a
1018 3287 1168 3363 prioribus
1187 3305 1247 3346 nou
1265 3306 1330 3361 por-

159 3390 261 3465 speota
288 3391 373 3448 acute
402 3386 571 3447 enuclsauit
599 3384 811 3459 subtiliterque
838 3379 1023 3443 inlustrauit
1070 3388 1202 3446 ceterum
1230 3386 1331 3444 iubis

158 3507 276 3564 quoque
300 3485 525 3563 quaestiouibus
547 3501 607 3543 nou
625 3482 670 3542 ita
688 3497 784 3558 pauca
800 3481 855 3537 aut
873 3479 983 3558 exigua
1001 3503 1020 3542 a
1038 3485 1123 3544 nobis
1143 3483 1248 3561 primis
1267 3502 1333 3542 esse

159 3585 270 3644 rectius
294 3583 435 3660 explicita
457 3583 489 3642 in
511 3580 744 3653 commentariis,
768 3578 1011 3640 animaduerterit
1035 3581 1134 3657 periti.

249 3681 298 3740 Sic
322 3681 360 3738 ab
383 3680 438 3739 hac
461 3681 546 3756 parte
570 3677 752 3739 firmioribus
770 3677 1025 3755 interpretationi,
1048 3698 1126 3756 quae
1144 3680 1264 3756 proprie
1284 3699 1333 3738 uo·

158 3781 259 3851 catur,
291 3777 377 3837 iactis
410 3776 612 3836 frundamentis
644 3776 769 3837 taudem
800 3776 904 3836 adesse
936 3780 1055 3854 tempus
1089 3778 1333 3839 commentarium

159 3877 272 3935 iustum
287 3873 481 3950 componendi
495 3874 594 3949 potuit
608 3872 718 3949 uideri,
737 3893 804 3934 cum
822 3874 1001 3951 praesertim
1019 3877 1074 3938 boc
1093 3878 1211 3937 saeculo
1230 3880 1334 3935 nostro

159 3974 239 4033 docti
269 3973 313 4032 eis
344 3989 420 4048 quae
450 3971 510 4030 diri
543 3970 652 4032 studiis
682 3972 792 4032 intanti
821 3971 909 4032 nimis
940 3976 1144 4052 neglexissent
1174 3976 1334 4035 uerborum

160 4070 392 4141 enarrationem,
416 4088 493 4146 quae
512 4071 601 4129 etiam
622 4075 692 4146 post
708 4071 846 4146 priorum
864 4088 951 4131 ouras
970 4072 1137 4134 industriae
1155 4075 1334 4150 ingenioque

160 4168 380 4244 amplissimum
398 4186 536 4243 campum
555 4169 747 4243 patefaceret
780 4167 832 4229 sod
851 4185 917 4228 ecoe
935 4169 1047 4229 iterum
1066 4192 1114 4231 res
1134 4173 1238 4231 critica
1256 4173 1335 4248 prin-

161 4265 288 4342 cipalem
311 4265 342 4322 in
367 4264 474 4325 studiis
499 4264 676 4325 Catulliauis
699 4266 796 4325 locum
819 4267 877 4328 sibi
900 4268 1060 4346 flagitauit
1106 4268 1333 4328 fundamentum

163 4365 241 4424 euim
265 4380 283 4422 a
301 4363 490 4424 Lachmanno
509 4363 673 4423 recensioni
693 4381 764 4425 suae
783 4364 953 4427 subiectum
972 4371 1007 4428 ut
1029 4368 1088 4428 iam
1110 4371 1200 4427 antea
1217 4372 1336 4443 reperto
