2940 4912
101 389 103 393 ,
164 325 230 390 492
640 327 769 383 vanls
789 335 865 383 1-s.

166 489 209 542 est
229 505 245 540 a
265 504 360 543 socero
379 490 409 542 et
427 488 528 542 deiude
547 488 617 542 ulios
637 489 780 544 adulteros
800 489 916 544 admisit
933 490 1046 559 iamque
1064 489 1205 559 Veronae,
1228 507 1285 560 quo
1303 493 1341 548 ob

165 576 253 646 petris
272 577 376 631 mortui
395 576 580 632 hereditatem
599 577 691 645 rediit,
712 577 832 648 pessime
851 596 880 633 se
895 580 995 648 gessit3
1014 580 1098 635 domo
1112 583 1207 636 autem
1220 583 1341 650 paterna

166 662 288 720 anoIlio
307 665 419 720 cuidam
439 666 554 721 uendite
573 684 637 721 mox
656 667 755 721 eadem
771 665 911 722 Veronam
926 669 1055 732 (fortasse
1070 686 1179 724 morum
1193 685 1340 725 censuram

166 771 344 823 senioresque
363 756 453 810 malos
471 756 593 825 fugiens)
613 756 759 825 reliquisse
778 757 889 812 uidetur
907 757 953 812 uel
970 759 1046 820 tum,
1072 775 1134 813 curn
1154 758 1209 814 hoc
1227 776 1340 815 carmen

166 843 346 912 estfactum,
370 844 503 898 relictura
522 845 614 900 fuisse.
652 847 722 899 haec
740 844 826 915 igItnr
845 847 940 902 omnia
958 848 1057 917 utpote
1077 864 1095 901 a
1112 847 1252 903 Brixianis
1271 865 1339 918 quc·

166 949 220 1002 que
240 933 322 1002 plane
341 933 505 988 confirmata
523 938 620 1003 aperte
638 933 763 991 iudicare
782 935 872 990 licuit.
910 936 958 990 sed
977 952 1055 991 socer
1073 936 1154 992 anxie
1174 937 1292 1007 stirpem
1306 955 1340 992 ex

166 1038 236 1076 nuru
255 1037 391 1090 quaerens
411 1022 529 1090 ideoque
554 1023 614 1092 ipse
642 1023 699 1077 lilio
725 1022 851 1078 inualido
870 1040 1047 1093 succurrens,
1066 1024 1196 1094 longurio
1215 1025 1285 1080 clim
1303 1027 1340 1082 ob

166 1110 342 1180 suppositum
361 1110 449 1164 fetum
469 1127 532 1164 reus
552 1113 581 1165 et
603 1112 721 1167 fortasse
745 1112 868 1167 eiusdem
892 1111 1023 1167 facInoris
1042 1112 1102 1168 siue
1120 1114 1195 1183 patri
1213 1113 1262 1168 isti
1281 1115 1341 1169 sius

167 1198 278 1252 mulieri
301 1201 412 1267 auctor,
436 1200 578 1256 hereditas
597 1203 695 1256 contre
715 1202 757 1256 ius
776 1203 874 1271 fasque
894 1203 973 1257 edita
990 1202 1145 1272 (singulare
1164 1201 1242 1259 illius
1262 1204 1339 1259 ‘rite'

166 1305 192 1340 ιι.
218 1295 233 1342 6
257 1305 274 1342 a
302 1287 383 1344 nobis
411 1289 533 1368 restituti
557 1305 674 1344 acumen
698 1291 863 1361 intellegis:
893 1291 964 1346 haee
986 1308 1041 1345 non
1065 1289 1227 1347 obiciuntur
1250 1292 1343 1348 uerbis

167 1375 287 1430 derectis
312 1378 411 1447 utpote
434 1376 530 1432 innixa
555 1377 638 1432 dictis
665 1377 758 1448 uagis,
784 1380 831 1434 sed
850 1380 946 1435 tamen
970 1379 1011 1434 ita
1037 1378 1215 1451 attinguntur
1238 1379 1343 1436 callide

167 1481 231 1519 cum
254 1468 327 1534 arte,
353 1469 384 1520 ut
406 1469 539 1521 moueant
563 1467 645 1522 facile
668 1467 854 1538 suspicionem
882 1471 912 1523 et
934 1468 969 1522 ad
993 1468 1185 1538 indagandum
1209 1469 1341 1525 excitem

668 1622 839 1680 vann

240 1731 268 1788 1.
297 1732 380 1806 Quod
413 1734 488 1789 milri
520 1734 644 1792 fortuna
671 1750 801 1804 casuque
829 1750 994 1806 oppressus
1021 1737 1143 1794 acerbo.
1190 1735 1342 1807 epistulare

168 1820 308 1877 scribendi
331 1841 419 1893 genus
442 1823 551 1878 redolet
573 1824 628 1879 hoc
651 1823 763 1880 initium
788 1825 875 1893 ‘quod
894 1867 901 1878 .
921 1869 927 1880 .
949 1867 955 1880 .
974 1825 1003 1880 id
1027 1827 1140 1895 gratum
1165 1826 1219 1880 est'
1241 1832 1278 1894 (ιι.
1298 1829 1340 1894 9)ι

168 1909 293 1980 Sulpicia
315 1917 340 1981 4,
367 1918 378 1965 1
406 1913 523 1983 [Tibull.
547 1931 573 1982 p.
598 1918 632 1968 83
657 1914 700 1969 ed.
721 1913 771 1985 m]
794 1919 903 1983 gratum
927 1920 978 1981 est,
1000 1931 1111 1970 securus
1133 1915 1249 1970 multam
1270 1916 1344 1986 quod

168 2043 174 2055 .
197 2002 371 2069 permittis,
397 2000 466 2056 Plin.
492 2001 572 2072 epist.
598 2001 636 2056 lll
662 2007 686 2070 5,
712 2009 726 2056 1
749 2008 909 2074 pergratum
933 2009 970 2058 est
993 2005 1075 2072 mibi,
1100 2004 1173 2072 quod
1197 2008 1254 2057 tam
1278 2004 1342 2058 deli·

168 2095 260 2159 pcnisr
279 2132 285 2144 .
306 2132 312 2144 .
332 2091 450 2156 kades,
472 2089 576 2145 Fronto
600 2109 628 2160 p.
656 2097 690 2146 60
710 2091 744 2146 N.
768 2093 840 2160 quod
862 2096 942 2146 tantu
965 2094 1003 2146 od
1021 2108 1061 2146 ms
1077 2092 1215 2160 scripsisti
1233 2131 1239 2143 .
1260 2133 1266 2146 .
1286 2133 1294 2146 .
1312 2093 1344 2147 id

168 2197 234 2234 sero
251 2181 320 2234 aiibi
334 2181 482 2249 longefacit
494 2181 694 2249 θναιίιειιιιιιιιις
712 2183 741 2235 et
755 2180 807 2235 hoc
822 2181 936 2249 quidem
950 2181 1013 2235 loco
1029 2180 1127 2249 ‘qnod'
1144 2179 1188 2235 ita
1201 2183 1234 2234 ut
1246 2183 1343 2235 nostro

168 2266 246 2322 ualet
265 2267 351 2338 ‘quod
369 2269 405 2323 ed
424 2269 453 2323 id
469 2269 573 2323 attinet
586 2269 672 2338 quod’
689 2269 864 2337 (Kuehnerus
878 2288 919 2340 gr.
934 2270 952 2325 l.
968 2269 994 2323 11
1008 2288 1035 2340 p.
1050 2274 1121 2340 840).
1159 2270 1343 2339 ‘oppressus',

169 2359 326 2427 prostratus
345 2359 396 2413 sub
416 2373 499 2414 onere
518 2357 587 2413 mali
604 2356 750 2425 inruentis,
768 2362 801 2412 ut
820 2358 952 2414 similiter
969 2357 1049 2412 lucr.
1065 2357 1077 2410 l
1094 2364 1137 2413 63.
1175 2357 1257 2428 Verg.
1272 2359 1342 2416 Asu.

170 2445 193 2499 V
213 2451 265 2501 '100
284 2463 350 2502 cusu
364 2463 511 2503 caucasus
524 2448 627 2504 esebo.
665 2450 694 2502 et
707 2448 823 2503 attende
837 2448 911 2502 hunc
927 2464 1020 2503 casnm
1036 2464 1086 2516 per
1099 2445 1252 2516 fortnnem,
1270 2464 1344 2517 quas

170 2552 233 2590 cum
259 2535 309 2591 illo
335 2554 384 2606 per
409 2538 527 2606 liguram
550 2533 584 2591 ἓν
613 2533 951 2604 edisseruimus,
979 2552 1040 2591 esse
1059 2536 1192 2605 inlatum,
1217 2553 1274 2591 non
1293 2552 1344 2607 per

170 2623 304 2679 homines.
329 2657 362 2665 —
387 2627 416 2682 2.
442 2626 647 2696 conscriptum
672 2627 729 2682 boc
754 2626 891 2681 lacrimis
916 2625 1014 2681 mittis
1040 2625 1225 2695 epistolium.
1270 2627 1344 2681 hanc

170 2731 267 2768 uocem
288 2715 457 2770 rarissimam
477 2716 570 2785 (Apul.
592 2716 664 2785 apol.
685 2723 700 2770 6
720 2720 750 2771 ct
768 2721 815 2782 79,
834 2715 918 2785 gloss.
938 2714 1024 2769 Labb.
1043 2733 1070 2784 p.
1090 2716 1135 2783 tt)
1153 2732 1203 2784 per
1222 2713 1345 2769 ‘litteras

171 2804 444 2859 communicatorias'
462 2805 586 2874 explicat
600 2805 723 2860 Hilarius
738 2821 783 2874 op.
798 2803 862 2858 hist.
878 2802 977 2872 fragm.
993 2810 1018 2872 2,
1039 2809 1071 2857 13
1087 2801 1227 2872 [Suessins
1241 2820 1267 2872 p.
1281 2803 1342 2875 42];

171 2895 215 2945 cst
237 2891 370 2962 gallicum
392 2892 506 2948 ‘bilIet'.
545 2893 621 2947 ‘hoc’
643 2896 719 2948 recto
738 2893 860 2963 quodam
879 2911 962 2949 sensu
984 2892 1079 2947 omisit
1099 2892 1237 2960 Muretus,
1256 2891 1344 2960 siqui-

171 2980 234 3036 dem
250 2981 315 3035 ‘boc
330 2982 502 3051 epistolium’
519 2982 579 3037 eius
593 2982 641 3051 qui
656 2981 755 3037 scribit
767 2982 877 3038 litteras
890 2981 1009 3049 iudicat;
1025 2981 1084 3036 eius
1099 2980 1144 3035 cui
1158 2982 1344 3049 respondetur

172 3070 335 3140 epistulam,
363 3071 474 3126 etiamsi
503 3072 590 3126 oculis
619 3071 766 3126 scribentis
791 3075 834 3126 est
856 3071 996 3139 subiecta,
1025 3071 1131 3125 nudum
1157 3069 1342 3138 ‘epistolium'

172 3160 240 3214 setis
255 3158 393 3228 designat.
421 3177 472 3214 nec
487 3159 579 3214 minus
594 3161 729 3216 absonum
744 3162 829 3229 etque
843 3159 970 3230 ineptum
986 3158 1109 3215 estillnd
1120 3157 1345 3228 ‘conscriptum’.

171 3268 236 3304 nam
256 3248 332 3318 quod
351 3249 449 3303 dicunt
467 3250 622 3317 ‘tamquam
642 3249 671 3303 in
686 3249 833 3305 scribendo
847 3249 969 3303 Manlius
983 3247 1107 3304 lacrimis
1122 3265 1171 3319 pro
1185 3251 1344 3303 atramento

171 3339 210 3393 sit
228 3339 315 3406 usus’,
336 3338 365 3392 id
385 3338 568 3407 prudentibus
588 3339 684 3394 stetim
704 3346 823 3409 apparet
840 3355 925 3408 quam
944 3338 981 3393 sit
999 3338 1105 3393 euersis
1126 3337 1213 3391 liusis
1232 3337 1345 3407 excogi-

171 3430 270 3484 tatum.
308 3429 440 3482 damnum
460 3428 575 3497 capiunt
593 3429 687 3483 cartae
707 3428 751 3482 uel
771 3428 914 3483 litterulae
933 3426 1056 3484 lacrimis
1074 3427 1148 3482 inter
1166 3426 1345 3482 scribendum

172 3519 241 3573 fusis
261 3534 440 3588 conspersae:
464 3517 544 3572 Ouid.
564 3517 645 3587 epist.
667 3524 691 3584 3,
712 3525 727 3571 3
747 3520 776 3570 et
797 3523 826 3571 li
850 3524 873 3585 1,
892 3517 974 3586 Prop.
990 3515 1028 3570 IV
1048 3524 1073 3583 3,
1092 3523 1117 3571 θ.
1155 3516 1228 3571 unde
1245 3516 1345 3572 Schra-

175 3610 257 3663 derus
281 3609 401 3664 coniecit
426 3607 637 3676 ‘conspersum’.
676 3605 793 3677 praebet
815 3605 838 3663 0
864 3606 971 3674 ‘haec’,
995 3606 1069 3675 quod
1093 3606 1121 3660 in
1146 3605 1170 3662 (I
1194 3605 1345 3662 correxisse

173 3697 207 3752 de
231 3715 282 3751 suo
306 3697 334 3750 in
359 3696 436 3751 ‘hoc’
462 3696 591 3752 librarius
614 3696 733 3751 uidetur.
771 3695 835 3749 uide
860 3712 896 3750 an
919 3692 957 3749 sit
975 3694 1077 3749 Catulli
1102 3694 1294 3750 ‘constrictum
1314 3713 1346 3750 ec

173 3786 322 3842 lacrimis':
343 3803 424 3841 umor
438 3785 604 3856 constringit
618 3786 784 3840 naturaliter
798 3802 945 3854 papyrum,
963 3801 1035 3853 quae
1050 3784 1092 3839 ita
1105 3785 1201 3855 prodit
1214 3782 1345 3840 lacrimas

174 3879 260 3944 (recte
284 3877 358 3946 apud
378 3877 449 3931 Plin.
475 3877 501 3929 h.
521 3894 547 3929 ιι.
568 3876 684 3931 xillae
709 3875 794 3944 uulgo
819 3873 944 3928 scribunt
967 3874 1001 3928 dc
1020 3875 1099 3929 carta
1116 3874 1266 3944 ιἐιιιιιιιᾳικ
1283 3889 1345 3928 cua·

173 3967 270 4019 stricta
293 3967 442 4034 erugatur).
469 3995 502 4003 -
525 3963 554 4018 23.
575 3964 753 4030 naufragum
774 3964 808 4018 ut
826 3963 955 4018 electum
975 3961 1185 4033 spumantibus
1203 3962 1345 4030 aequoris

174 4053 263 4108 undIs
273 4052 439 4108 subicerent.
463 4052 639 4121 naufragium
651 4052 686 4106 de
696 4051 795 4120 queuis
806 4068 909 4120 magna
918 4050 1081 4106 calamitate
1091 4050 1206 4105 dicitur:
1221 4052 1344 4106 submer-

174 4152 247 4198 serat
268 4142 347 4196 iIlum
366 4142 495 4197 fortunae
515 4142 639 4212 procella
657 4141 727 4195 mari
747 4157 830 4196 saeue
849 4140 993 4210 exagitato
1012 4140 1057 4208 (de
1077 4140 1178 4209 ‘epum
1199 4140 1292 4195 undis’
1309 4143 1346 4195 cf.

176 4232 261 4286 LXIV
285 4239 356 4299 itt),
376 4250 410 4286 ex
429 4251 485 4302 quo
504 4234 549 4286 uix
570 4231 675 4287 ciectus
694 4234 738 4284 cst
755 4231 785 4284 in
803 4231 871 4286 litus
890 4230 1041 4300 naufragus
1061 4226 1155 4297 (Ouid.
1175 4228 1248 4297 epist
1267 4235 1292 4298 ⁷,
1309 4235 1345 4285 89

173 4323 302 4389 fluctibus
324 4324 435 4376 eiectum
458 4328 519 4377 tata
541 4323 657 4376 staticus
679 4323 780 4390 recepi,
804 4322 886 4390 Verg.
907 4322 975 4375 Aen.
994 4319 1032 4374 lv
1051 4323 1102 4374 873
1128 4318 1240 4373 sicem
1258 4320 1347 4387 litore,

176 4415 291 4480 speeiem
309 4413 402 4478 excepi
421 4453 427 4464 .
448 4453 453 4464 .
474 4454 480 4465 .
500 4412 585 4466 socios
604 4430 621 4465 a
640 4415 723 4465 sums
741 4411 848 4478 reduxi,
867 4411 897 4466 et
914 4408 1050 4464 translate
1069 4407 1124 4463 cir.
1146 4407 1175 4461 in
1193 4406 1254 4463 Cat
1271 4405 1344 4462 1111
