2940 4912
211 313 277 377 282
707 313 781 368 LVII
802 318 879 369 1-u.

210 480 236 530 et
254 477 335 544 quaa
348 475 454 543 protelo
472 475 631 528 stimulator
649 475 760 544 sirigico
777 475 883 546 fulgur.
913 472 983 529 dicit
1000 474 1089 545 igitur
1107 476 1174 543 apta
1194 473 1337 543 Catullus,
1355 491 1385 529 se

211 581 298 632 usque
317 565 346 618 et
364 578 451 631 usque
470 578 541 631 pene
560 579 610 618 sno
629 563 747 618 uerbera
764 563 914 634 ingessisse
932 563 1039 633 pupulo
1058 563 1153 634 (Apul.
1170 564 1235 618 met
1251 561 1290 617 lv
1309 569 1325 618 9
1344 562 1386 616 nil

210 652 247 706 ad
265 651 339 705 hano
357 650 470 720 quidem
488 654 567 722 rem).

742 807 845 863 nvn„

283 921 310 974 l.
339 918 450 974 Pulcra
478 918 621 974 conuenit
649 918 796 989 Improbls
824 919 976 991 ornacula,
1005 920 1175 976 Mamurrae
1202 920 1386 990 pathicoque

211 1008 402 1076 Caesarique.
439 1011 471 1062 ιιι
489 1024 511 1062 c.
532 1007 623 1061 XXIX
645 1009 674 1062 in
694 1008 841 1064 Caesarem
861 1008 1020 1064 Mamurrae
1037 1008 1175 1064 fautorem
1200 1008 1284 1063 nimis
1307 1009 1385 1064 beni·

210 1098 305 1153 nolum
324 1095 489 1166 largumque
509 1101 552 1152 est
570 1098 727 1166 derectum,
751 1099 792 1153 ita
810 1100 864 1153 hoc
882 1082 1045 1168 pffimation
1064 1098 1162 1153 eodem
1181 1098 1239 1152 fere
1258 1101 1386 1168 tempore

209 1187 344 1256 scriptum
366 1183 397 1238 in
420 1187 517 1240 ambos
541 1184 623 1241 simul
642 1188 740 1255 utpote
763 1185 869 1241 amicos
893 1186 1039 1255 sociosque
1062 1184 1152 1241 bonos
1176 1187 1385 1257 concordesque

211 1275 361 1330 inuehitur.
390 1275 436 1328 hic
450 1291 561 1343 quoque
578 1273 725 1330 ‘cinaedis’
742 1276 834 1344 magis
853 1278 885 1330 ut
899 1275 1053 1330 conuitium
1067 1273 1178 1330 accedit
1194 1278 1224 1332 et
1241 1276 1279 1330 ad
1297 1277 1386 1332 totius

210 1363 340 1419 carminis
359 1363 528 1418 sententiam
547 1367 630 1433 (qnae
649 1380 693 1418 res
712 1364 860 1434 plerosque
874 1364 988 1433 fefellit)
1004 1380 1104 1434 parum
1119 1364 1239 1420 confert:
1257 1365 1386 1436 pulcram

209 1454 325 1508 duorum
349 1469 399 1522 per
425 1451 520 1507 omnia
546 1453 771 1508 conuenientiam
797 1454 987 1508 demonstrare
1014 1456 1059 1508 sat
1083 1452 1223 1521 aculeata,
1247 1452 1387 1524 poematii

210 1559 349 1596 summum
373 1542 418 1596 cst
439 1540 625 1612 propositum.
662 1540 736 1610 qnod
755 1543 797 1597 ita
816 1540 903 1597 efficit
921 1544 1019 1612 poeta,
1046 1544 1079 1598 ut
1100 1541 1154 1597 hoc
1176 1541 1269 1612 ipsum
1292 1541 1322 1597 in
1341 1543 1386 1598 his

210 1631 335 1686 uersibus
359 1629 456 1700 primis
479 1633 579 1700 ponat,
603 1631 704 1685 deinde
731 1631 854 1701 positum
878 1631 1049 1703 argumentis
1073 1632 1219 1686 confirmet
1241 1631 1384 1687 stabiliat·

209 1739 270 1792 que.
310 1720 440 1790 ‘pulcre',
458 1718 538 1787 bene,
557 1720 590 1774 ut
608 1719 686 1774 XXII
704 1726 720 1774 t
741 1722 771 1775 et
789 1725 819 1790 8,
838 1721 921 1775 simul
940 1724 1036 1776 tamen
1059 1720 1168 1789 aliquid
1186 1719 1385 1790 ambiguitatis

209 1810 309 1878 habet,
331 1809 391 1864 scil.
412 1809 499 1863 ‘more
519 1809 703 1863 exoletorum’
725 1808 896 1880 significans:
920 1811 996 1865 Seru.
1017 1809 1054 1865 ad
1071 1808 1140 1865 Aac.
1159 1808 1186 1863 11
1205 1815 1256 1865 119
1273 1812 1386 1881 palmos

209 1917 228 1953 c
245 1899 381 1954 calcibus
400 1898 513 1952 exoletos
532 1899 626 1952 dirtos.
664 1898 735 1953 benc
756 1897 888 1953 AStatius
914 1899 950 1953 ad
971 1900 1133 1954 ‘conuenit’
1154 1917 1197 1970 cp.
1216 1897 1299 1956 Mart
1318 1899 1385 1955 VIII

209 1993 372 2056 35,1cum
395 1988 457 2041 ιιιιζι
477 1988 579 2041 similes
597 2003 732 2058 parceque
754 1990 830 2055 cita,
853 2004 925 2044 acor
943 1989 1077 2058 cesama,
1097 1990 1233 2058 pessimus
1255 1991 1384 2058 maritae,

208 2078 293 2130 mtror
311 2092 367 2131 non
385 2077 450 2130 dccc
467 2077 613 2130 conuenire
631 2077 709 2132 uobis
724 2076 866 2147 (concordi
880 2079 1017 2132 concentu
1035 2075 1217 2146 nerninem),
1236 2095 1309 2148 qnae
1328 2096 1385 2134 non

172 2222 176 2228 ,
209 2165 268 2220 siue
279 2164 383 2220 Catulli
397 2166 592 2221 recordatione
606 2165 720 2236 scripta.
751 2166 906 2236 ‘improbis’
923 2168 959 2221 ad
974 2181 1065 2240 mores
1079 2166 1199 2221 relatum
1213 2169 1259 2221 est
1268 2168 1385 2238 ‘prauis

209 2254 442 2324 inpudentibus',
461 2258 493 2309 nt
512 2272 553 2310 ex.
573 2273 613 2325 gr.
633 2254 724 2310 Plant.
743 2255 822 2310 Truc.
840 2255 878 2308 IV
898 2263 923 2323 3,
943 2260 977 2309 69
997 2261 1087 2310 ram
1104 2257 1139 2310 od
1158 2257 1269 2326 ingenio
1287 2257 1384 2326 tapro-

209 2346 283 2412 buet,
307 2343 401 2399 quen.
426 2350 455 2413 4,
481 2352 531 2399 106
556 2346 700 2414 inprobior
722 2350 847 2400 saturam
872 2345 1004 2400 scribente
1026 2346 1148 2401 amede.
1190 2345 1274 2400 metri
1297 2362 1385 2403 causa

207 2434 284 2503 prins
305 2434 381 2502 ‘que'
402 2433 541 2488 adnexum
561 2435 605 2488 est
622 2434 685 2488 uoci
702 2433 851 2504 ‘pathico’,
870 2450 933 2488 cum
947 2450 965 2487 a
979 2432 1120 2488 sententia
1132 2436 1242 2505 spectat
1255 2435 1292 2489 ad
1309 2434 1384 2491 ‘Ma-

208 2524 329 2578 murrae’
346 2522 444 2593 (Lucil.
458 2522 512 2576 Vll
532 2528 564 2577 15
583 2540 617 2577 nc
635 2524 841 2592 aermo'ccliqac3
863 2521 967 2576 XXXII
983 2526 1039 2593 11);
1058 2540 1110 2578 nec
1123 2525 1200 2578 recte
1213 2522 1384 2596 Doeringins

209 2611 345 2682 ‘pathice'
367 2613 454 2666 etiam
472 2611 508 2665 ad
524 2610 660 2666 ‘Caesari’
676 2610 816 2682 pertinere
836 2610 891 2664 sibi
909 2612 1061 2682 persuasit,
1081 2612 1155 2683 qnod
1172 2614 1253 2668 nulla
1270 2614 1382 2670 ratione

208 2701 269 2754 fieri
288 2702 388 2770 potest.
427 2717 594 2768 quamquam
619 2701 653 2755 de
672 2700 726 2754 hac
751 2717 780 2755 re
803 2716 885 2755 nemo
904 2702 1059 2772 quaesiuit,
1077 2719 1139 2770 cur,
1158 2719 1221 2758 cum
1241 2702 1297 2758 sint
1317 2705 1382 2775 ‘pa-

207 2790 311 2843 thicus’
332 2793 361 2842 et
381 2789 536 2842 ‘cinaedus’
558 2807 726 2859 synonyma,
745 2794 855 2861 tamen,
873 2793 1023 2860 postquam
1043 2795 1190 2862 utrumque
1210 2809 1270 2848 esse
1289 2793 1383 2850 cinae·

209 2878 274 2931 dum
293 2878 350 2932 iam
368 2880 413 2931 est
431 2876 551 2946 dictum,
571 2879 712 2933 Mamurra
735 2881 835 2933 iterum
860 2883 976 2934 uocetur
999 2879 1137 2949 pathicus.
1174 2882 1222 2936 sed
1243 2882 1383 2953 quidquid

207 2983 290 3021 uoces
309 2964 377 3019 illas
397 2969 462 3020 sunt
480 2982 646 3036 synonyma,
673 2986 727 3022 non
747 2970 825 3023 deest
849 2967 889 3023 eis
908 2968 1038 3024 subtilior
1056 2969 1193 3039 quaedam
1214 2969 1383 3042 differentia,

207 3071 269 3110 curn
290 3054 444 3109 ‘cinaedus'
471 3055 508 3109 sit
526 3057 550 3109 is
569 3057 617 3125 qni
641 3057 861 3126 pedicaticnem,
883 3057 1036 3128 ‘pathicus'
1057 3059 1080 3113 is
1101 3058 1148 3129 qui
1167 3061 1262 3115 omnia
1282 3061 1381 3131 (etiam

205 3143 432 3211 inrumatIOnem)
452 3143 583 3212 patiatur.
613 3144 708 3214 itaque
724 3146 833 3200 cinaedi
854 3146 966 3216 quidem
986 3147 1138 3202 conuitium
1158 3148 1244 3204 etiarn
1265 3150 1293 3204 in
1314 3151 1382 3206 Cae·

206 3250 294 3288 sarem
315 3232 391 3288 cadit
410 3232 510 3301 (XXIX
529 3236 570 3302 3),
590 3233 639 3288 sed
658 3234 749 3289 maius
767 3235 838 3290 illud
856 3235 964 3307 pathici
987 3238 1017 3292 in
1036 3236 1133 3307 solum,
1147 3239 1325 3295 Mamurram.
1347 3271 1386 3315 -,

205 3322 240 3393 8,
259 3320 294 3393 4,
313 3322 343 3376 ι’).
366 3337 419 3377 nec
438 3322 563 3377 mlrumr
583 3324 717 3378 maculae
740 3325 825 3394 purIs
844 3326 998 3398 utrisque,
1023 3326 1138 3381 urbana
1157 3326 1255 3382 alteru
1274 3330 1306 3384 et
1323 3329 1382 3386 Illa

204 3411 381 3483 Formiana,
406 3411 570 3481 Impressas
594 3412 730 3468 resident
753 3428 808 3469 uec
832 3414 984 3471 olnoutur.
1021 3414 1076 3469 iam
1101 3415 1189 3486 igilur
1211 3417 1248 3471 ad
1266 3418 1382 3474 demon·

206 3500 371 3556 strationem
391 3499 475 3570 positi
495 3499 572 3555 illius
590 3501 748 3572 accingitur
765 3507 857 3573 poeta.
887 3504 921 3559 cf.
936 3504 972 3559 ad
987 3503 1076 3558 XXIII
1092 3510 1115 3559 ι.
1144 3504 1265 3574 primum
1284 3508 1379 3563 autem

205 3592 401 3660 argumentum
418 3589 555 3659 repetitur
570 3590 607 3644 ab
620 3589 745 3660 infamia,
760 3609 844 3661 quam
859 3593 913 3663 ipsi
928 3592 1081 3662 subierunt,
1095 3593 1244 3648 consimili.
1272 3595 1380 3652 ‘macu-

205 3680 295 3747 lam',
321 3678 413 3733 labem
445 3673 697 3749 ignominiamque,
726 3681 797 3734 alter
823 3697 917 3736 eorum
947 3681 1079 3752 (Caesar)
1106 3681 1135 3736 in
1163 3683 1245 3750 urbe,
1272 3685 1380 3742 Romae

205 3766 332 3835 (XXXIX
352 3771 409 3834 10),
428 3766 475 3821 illc
499 3766 538 3836 (h.
558 3785 581 3823 e.
606 3768 697 3839 prior,
716 3770 865 3839 Mamurra)
886 3771 1004 3826 Formiis
1028 3771 1057 3824 in
1077 3788 1106 3825 se
1125 3773 1271 3828 contruxit
1311 3776 1380 3843 quid

204 3855 245 3910 rei
263 3855 313 3921 sit,
333 3871 366 3909 ex
381 3855 538 3910 Mamurrae
552 3858 752 3927 appellatione,
772 3877 828 3928 qua
841 3858 902 3913 XLI
919 3866 936 3913 4
955 3862 984 3913 et
998 3859 1118 3916 XLlllb
1137 3861 1218 3917 audit
1237 3862 1381 3920 ‘decoctor

203 3944 390 4010 Formianns’,
409 3947 616 4014 cognoscimus:
636 3947 815 4003 decoctorum
834 3948 947 4003 illorum
963 3949 1109 4019 dissipatio
1128 3949 1169 4007 rei
1188 3949 1335 4008 familiaris
1350 3959 1381 4010 et

204 4034 322 4104 prodiga
335 4032 466 4101 luxuries,
482 4052 621 4090 summum
635 4037 710 4107 apud
726 4037 865 4093 Romanos
876 4038 1065 4109 opprobrium,
1075 4039 1208 4095 innuitur.
1236 4042 1265 4096 et
1274 4041 1380 4098 Caesar

204 4125 311 4192 quanto
329 4139 394 4176 aere
413 4122 505 4176 alieno
525 4124 609 4178 fuerit
627 4142 788 4196 oppressus,
807 4131 840 4182 ut
857 4127 1067 4197 inpedientibus
1086 4131 1271 4186 credItoribus
1289 4149 1379 4202 paene

204 4212 280 4266 abire
299 4211 428 4280 nequiret
446 4228 470 4265 a.
486 4218 518 4265 61
539 4211 569 4266 in
584 4214 758 4285 Hispaniam,
776 4217 844 4271 saus
863 4220 907 4273 est
925 4220 1022 4272 notum
1041 4217 1129 4285 (Suet.
1146 4218 1225 4276 Caes.
1242 4226 1283 4289 18,
1302 4220 1378 4278 Plut

204 4303 282 4356 Caes.
304 4307 334 4354 11
358 4305 387 4355 et
405 4300 493 4355 Crass.
515 4309 538 4368 7,
562 4303 634 4373 App.
654 4304 679 4358 II
700 4307 736 4373 Β).
773 4306 843 4361 haec
866 4304 983 4360 infamia
1005 4323 1115 4360 summa
1133 4310 1174 4375 (et
1196 4309 1304 4365 dehac
1321 4329 1379 4367 una

204 4391 251 4461 agi
277 4390 361 4445 docet
384 4409 410 4444 ιι.
429 4396 457 4460 4)
482 4393 637 4447 communis
661 4394 786 4463 utrisque
809 4393 935 4464 (ponitur
960 4393 1100 4449 interdurn
1126 4395 1174 4448 hic
1197 4397 1316 4466 pluralis
1342 4401 1378 4457 de
