2940 4912
194 302 215 366 2
636 282 943 362 esosseonsss.‘

194 472 380 547 nuptialibus
404 473 528 549 mansit,
551 473 588 532 cf.
606 472 680 534 Hor.
699 474 786 550 epist
808 474 837 532 lI
858 478 885 551 1,
911 478 972 536 139
989 495 1053 552 sqq.
1073 509 1117 519 -
1139 478 1368 538 fundamentum

194 571 295 644 potius
325 571 459 631 iecerunt
486 590 610 648 poeseos
638 570 777 632 satiricae
805 576 836 631 et
863 575 1045 634 dramaticae
1074 576 1252 635 excolendae
1280 595 1371 652 quam

195 668 315 743 lyricae.
366 671 411 729 oui
440 689 495 746 per
523 673 642 745 tempus
671 668 795 745 longum
829 670 952 745 patebat
980 674 1110 748 spatium
1146 676 1183 732 ah
1211 693 1247 733 ca
1274 679 1370 750 parte,

195 785 284 844 quam
307 768 360 827 illa
379 788 446 828 cum
465 769 586 828 satirica
604 767 696 826 habet
716 785 916 844 communem,
940 769 1055 828 scilicet
1077 771 1107 828 in
1132 772 1269 830 uersibus
1293 771 1370 830 ludi-

194 865 266 943 cris,
290 867 393 943 quales
417 872 470 926 aut
492 868 606 926 milites
629 867 841 941 imperatorem
865 867 1101 942 triumphantem
1120 870 1297 927 comitantes
1317 874 1371 928 aut

194 963 246 1021 alii
279 964 406 1039 quilibet
436 968 507 1023 ante
536 964 626 1022 aedes
659 964 807 1022 canebant
840 956 908 1043 (hos
940 966 1059 1040 pipulos
1088 970 1119 1025 et
1151 966 1370 1026 occentationes

195 1053 391 1142 uocitahant),
407 1065 437 1120 et
455 1061 486 1119 in
508 1063 733 1138 epigrammatis
747 1063 871 1135 acerbis,
888 1081 963 1137 quae
983 1064 1079 1122 ianuis
1095 1065 1248 1123 dornornm
1263 1064 1370 1124 aliisue

194 1159 266 1218 locis
290 1160 417 1234 publicis
441 1158 614 1235 affigebant.
659 1179 727 1218 nam
753 1159 831 1236 quod
855 1161 893 1218 ad
916 1163 1030 1237 cetera,
1054 1162 1111 1219 etsi
1134 1181 1297 1237 numquam
1320 1162 1369 1220 de-

195 1262 280 1317 erant
304 1259 354 1335 qui
377 1259 468 1316 animi
492 1276 580 1317 sensa
600 1276 803 1334 quaecumque
827 1256 1014 1317 effunderent
1037 1260 1138 1318 uerbis
1162 1261 1225 1318 sine
1248 1263 1313 1318 arte
1338 1260 1369 1318 in

194 1356 283 1414 metri
302 1354 453 1432 quandam
473 1356 603 1431 speciem
622 1356 741 1429 iunctis,
755 1358 856 1413 tamen
879 1373 933 1413 nco
952 1360 1035 1415 certa
1053 1358 1200 1432 quaedam
1218 1358 1369 1432 laxatque

194 1453 301 1529 regula
324 1454 431 1512 talium
455 1455 619 1512 carminum
648 1454 772 1513 inuenta
800 1455 847 1511 cst
874 1471 927 1512 nec
950 1454 1109 1530 peculiaris
1133 1456 1255 1532 quidam
1277 1456 1369 1514 homi-

193 1570 265 1609 num
288 1551 376 1611 fauor
399 1570 435 1610 ea
457 1552 535 1610 fouit
562 1552 706 1628 aluitque.
752 1551 847 1609 ueluti
871 1552 999 1628 cantica,
1028 1554 1136 1629 quibus
1164 1572 1269 1612 amans
1292 1553 1367 1612 celc-

194 1648 304 1707 brahat
330 1650 488 1725 amasiam,
520 1651 554 1707 ut
577 1668 694 1724 semper·
722 1648 786 1708 sine
809 1647 901 1707 dubio
925 1650 1015 1708 moris
1044 1654 1130 1709 erant
1153 1651 1183 1709 in
1207 1650 1295 1725 plebe
1318 1642 1369 1729 (cf.

193 1765 237 1805 er.
253 1765 299 1824 gr.
313 1746 386 1808 Hor.
406 1747 492 1807 satl
511 1749 540 1819 ὅ,
558 1750 598 1806 14
614 1741 705 1825 sqq),
728 1746 773 1804 ia
796 1746 847 1821 qui
871 1748 1020 1806 excoleret
1042 1748 1258 1824 perficeretque
1281 1766 1368 1807 nemo

193 1844 303 1919 extitit,
326 1864 364 1904 ne
387 1849 452 1903 tum
475 1844 608 1920 quidem,
633 1863 698 1904 eum
719 1861 896 1920 graecarum
918 1845 1089 1903 litterarum
1114 1846 1244 1921 cognitio
1263 1846 1332 1904 inde
1351 1865 1370 1904 a

193 1940 272 2000 Liuii
296 1942 459 2003 Andronici
482 1946 616 2019 tempore
645 1942 779 2018 linguam
808 1941 933 1999 latinam
956 1962 1118 2018 pauperem
1143 1944 1252 2017 ditare,
1276 1944 1370 2004 incul-

193 2044 254 2098 tam
279 2041 440 2116 perpolire‚
465 2040 569 2099 duram
593 2044 625 2099 et
648 2041 698 2097 uix
721 2039 826 2097 metris
850 2039 1058 2099 subtilioribus
1083 2042 1247 2101 etiamtunc
1266 2046 1367 2118 aptam

193 2137 328 2196 emollire
351 2141 502 2213 coeperat:
531 2137 684 2214 quaelihet
707 2137 767 2195 alia
790 2136 960 2195 litterarum
984 2138 1185 2197 Romanarum
1209 2158 1279 2214 pars
1303 2142 1367 2198 tum

192 2235 271 2293 laete
294 2236 479 2296 efflorescere
504 2239 535 2293 et
561 2254 597 2293 cx
616 2234 784 2293 imitatione
802 2234 833 2291 in
852 2234 938 2294 initio
957 2235 1060 2293 seruili
1079 2237 1167 2295 auehi
1186 2237 1224 2295 ad
1244 2238 1367 2295 liberam

192 2334 338 2408 paulatim
366 2352 433 2392 oum
457 2332 578 2393 Graecis
607 2333 836 2391 aemulationem
866 2330 971 2390 didicit
993 2323 1118 2411 (ueluti,
1142 2336 1177 2391 nt
1200 2334 1366 2409 exemplum

192 2431 343 2508 proferam
368 2431 632 2505 inlustrissimum,
659 2448 777 2489 carmen
806 2430 921 2505 epicum
950 2433 981 2488 et
1009 2431 1163 2489 satiricum
1189 2431 1284 2489 Ennio
1309 2432 1366 2490 lto-

193 2546 298 2587 manae
315 2528 414 2603 poesis
434 2532 519 2604 patre
537 2527 691 2587 inmortali
710 2519 909 2604 auspicante),
928 2529 980 2587 sed
1000 2529 1064 2587 sola
1083 2530 1184 2607 lyrica,
1203 2530 1253 2606 qui
1267 2531 1367 2606 patro·

142 2616 155 2687 i
192 2626 303 2685 oinium
331 2627 497 2702 susciperet·
530 2630 561 2684 et
588 2627 759 2685 latitantem
787 2626 817 2683 in
846 2624 933 2701 plebe
961 2626 1118 2685 materiam
1147 2627 1250 2703 procul
1277 2626 1368 2686 dubio

191 2722 317 2783 diuitem
344 2724 536 2800 protraheret
565 2727 596 2781 et
623 2725 689 2781 arte
721 2726 882 2782 tractatam
910 2722 1034 2782 adderet
1062 2725 1169 2784 ceteris
1198 2724 1367 2783 litterarum

190 2822 365 2897 generibus,
387 2840 448 2882 non
470 2821 612 2879 inuenere
636 2824 701 2878 tum
724 2820 854 2895 quidem.
887 2820 946 2878 nisi
964 2820 1043 2895 quod
1062 2821 1177 2880 Ennius
1196 2823 1366 2881 facillimam

191 2935 295 2977 eorum
318 2920 460 2995 speciem,
481 2916 770 2995 epigrammatioam,
793 2935 853 2974 non
877 2916 1023 2993 neglexit,
1047 2919 1149 2992 quiin
1173 2919 1228 2976 hac
1252 2937 1367 2993 quoqne

190 3035 224 3076 re
251 3018 380 3092 oxempli
407 3016 580 3093 grauissimi
609 3016 666 3074 luit
700 3013 869 3072 adhibendo
898 3014 1045 3073 distichon
1074 3015 1104 3071 in
1133 3015 1368 3090 epigrammatis

190 3133 268 3190 quae
286 3132 346 3174 nou
365 3116 462 3174 solum
481 3113 626 3190 sepulcris
646 3111 803 3171 incidenda
822 3118 864 3189 (p.
882 3114 943 3170 162
960 3130 1003 3187 sq.
1023 3112 1068 3169 ed.
1084 3106 1187 3173 Vahll
1207 3113 1258 3170 secl
1277 3111 1366 3171 ctiam

190 3205 287 3293 (quod
311 3212 434 3272 maioris
453 3216 501 3272 est
519 3205 677 3287 momenti)
697 3210 810 3269 erotica
832 3208 903 3267 iecit
922 3212 1001 3266 teste
1019 3208 1117 3266 Plinio
1136 3210 1222 3283 epist.
1243 3208 1270 3265 V
1290 3212 1318 3283 3,
1339 3214 1367 3269 c.

190 3326 267 3386 quas
298 3310 412 3369 erotica
442 3311 544 3386 qualia
571 3308 684 3369 fuerint·
714 3309 771 3366 etsi
799 3326 858 3366 non
885 3310 1014 3379 constat,
1043 3312 1144 3365 tamen
1174 3307 1223 3364 uix
1251 3325 1269 3364 a
1296 3326 1367 3365 uero

191 3407 415 3479 aberrabimus,
442 3407 467 3466 si
500 3408 645 3466 nonnulla
676 3406 817 3465 breuiora
846 3405 1116 3465 Alexandrinorum
1145 3396 1229 3484 (nam
1262 3406 1366 3463 horum

191 3505 304 3564 notitia
329 3506 510 3565 instructum
539 3504 633 3565 fuisse
658 3504 788 3563 Ennium
817 3507 1000 3579 compertum
1029 3496 1090 3579 est)
1114 3504 1265 3578 poematia
1288 3523 1367 3562 uma·

191 3594 271 3662 toria
293 3602 430 3663 distichis
453 3604 622 3679 conscripta
645 3602 683 3661 ab
707 3601 759 3659 illo
779 3619 922 3660 conirersa
941 3601 1037 3676 magis
1057 3619 1146 3676 quam
1165 3601 1284 3661 imitata
1302 3621 1367 3661 esse

190 3697 405 3779 statuemus*).

262 3832 290 3902 *)
313 3834 371 3887 iam
388 3830 528 3888 Naeuium
552 3833 758 3903 epigrammata
776 3833 932 3903 scripsisse,
957 3850 1012 3887 uon
1035 3838 1111 3888 reete
1135 3836 1310 3889 concluditur
1332 3855 1365 3889 ex

189 3913 329 3980 uersibus,
361 3930 430 3983 qnos
453 3912 561 3967 Gellius
588 3930 645 3967 una
670 3930 734 3967 cum
757 3913 949 3968 consimilibus
978 3930 1012 3965 ex
1038 3913 1169 3967 l'ruuonis
1195 3915 1364 3983 imaginibus

190 4010 301 4048 sumens
320 3991 391 4049 ialao
410 3992 566 4048 uindicauit
584 3992 638 4062 ipsi
658 3995 759 4063 postas
774 3992 917 4063 Campano
936 3993 958 4060 (l
974 4000 1017 4059 tl,
1035 3996 1074 4062 1);
1094 4011 1164 4064 quos
1184 4013 1279 4049 uersus
1297 3995 1365 4048 duta

191 4074 338 4129 occasione
355 4089 456 4129 moneo
475 4072 516 4127 sio
534 4088 595 4127 ease
614 4072 788 4127 scribendos:

403 4152 567 4209 Inmortales
584 4154 711 4207 mortales
728 4156 754 4208 oi
770 4156 841 4221 toret
859 4156 904 4221 fus
923 4156 999 4221 tlrrc,

404 4231 517 4287 Floreat
534 4233 618 4287 diuae
637 4232 770 4287 &nimiae
789 4234 927 4288 Naeuium
945 4241 1060 4301 por-tour.

403 4312 502 4383 Itaque
514 4317 661 4383 postquam
678 4318 717 4367 cal
739 4312 826 4368 Orcho
845 4316 966 4368 irmarus
985 4316 1141 4380 tlrescmus,

404 4392 508 4448 Romae
523 4392 628 4463 toqaicr
644 4394 724 4449 obliti
741 4398 807 4451 suist
824 4395 923 4464 linqua
940 4396 1038 4450 latiora.
