2940 4912
609 340 894 398 PROLEGOMENA.
1293 342 1335 407 57

146 517 248 572 anum
262 512 354 572 illius
371 511 564 590 paenultima
577 530 701 588 perraro
715 515 746 571 et
761 508 881 571 lantum
895 513 977 571 certo
991 529 1057 570 oum
1073 511 1196 570 consilio
1211 511 1340 570 habetur

146 611 282 687 iambus,
302 615 421 688 regnat
440 610 505 670 lere
525 602 575 689 (ut
594 613 733 670 conuenit
754 611 848 670 fracto
867 610 1009 686 mollique
1029 601 1145 688 uersui)
1160 608 1340 685 tribrachys.

149 709 220 768 item
246 709 416 768 rarissime
439 708 472 767 in
496 707 639 768 incisione
662 707 846 783 synaloephe
870 700 919 788 (ut
943 701 1007 786 37).

237 806 332 866 Alias
352 810 458 866 autem
477 806 619 882 strophas
638 824 726 882 quam
743 824 821 882 quae
836 805 912 864 fiunt
926 809 979 864 aut
994 805 1167 882 systematis
1183 808 1235 864 aut
1250 824 1340 864 uersu

147 906 346 980 intercalari,
369 923 461 981 quem
487 904 579 963 habes
603 903 635 962 iu
654 902 738 963 LXII
758 907 790 963 et
808 904 905 963 LXIV
924 905 992 964 inde
1016 924 1034 963 a
1057 924 1085 964 u.
1106 907 1169 964 323
1190 897 1235 985 (et
1253 905 1342 965 aliter

148 1003 178 1062 in
192 1002 281 1077 1513
297 1003 426 1079 scripsit
441 1001 477 1061 de
494 1020 529 1060 co
543 1001 715 1077 nuperrime
728 1000 850 1061 CZiwsa
864 1003 943 1060 stud.
954 1001 1139 1062 Vindob.111
1154 1022 1181 1078 p.
1195 1004 1258 1061 298
1270 1020 1342 1079 sqq,

148 1100 190 1159 lv
215 1121 247 1176 p.
263 1103 332 1160 271
351 1119 432 1177 sqq,
457 1099 508 1177 qui
531 1118 591 1159 nou
609 1102 691 1158 recto
710 1098 768 1157 buo
787 1099 989 1158 traxit·etiam
1009 1101 1157 1159 minorum
1176 1101 1342 1159 carminum

148 1197 356 1275 repetitiones
380 1216 464 1258 mere
490 1188 672 1277 rhetoricas)
697 1215 756 1256 non
785 1197 924 1257 adhibuit
947 1196 1098 1273 Catullus,
1121 1198 1169 1256 oui
1192 1199 1256 1257 siue
1279 1200 1342 1259 ullo

148 1297 222 1355 iuris
247 1302 308 1356 aut
334 1296 611 1356 uerisimilitudinis
634 1294 732 1371 specie
756 1295 834 1355 docti
865 1296 999 1355 nonnulli
1024 1297 1180 1356 obtrusere
1203 1297 1272 1355 illas
1296 1317 1340 1356 re-

150 1394 329 1454 centiorum
365 1392 588 1470 philologorum
626 1391 748 1452 delicias
780 1412 834 1453 neo
866 1393 1060 1453 iucunditatis
1092 1393 1255 1470 quidquam
1287 1414 1341 1454 neo

152 1494 291 1552 lrmum
317 1490 476 1550 babentes.

242 1590 319 1649 Alia
344 1589 405 1649 huo
427 1588 610 1664 pertinentia
637 1608 706 1648 oum
729 1587 890 1648 adferenda
918 1589 1031 1649 sintin
1055 1592 1267 1650 commentario
1292 1586 1340 1673 (ut

151 1690 188 1749 de
216 1687 357 1766 syniaesi
387 1691 420 1746 et
447 1681 586 1766 dialysi),
613 1688 661 1747 hic
688 1689 720 1746 in
748 1687 805 1747 fine
833 1687 961 1763 digitum
990 1687 1143 1746 intendam
1168 1689 1199 1746 iu
1228 1708 1340 1748 morem

151 1787 252 1846 nostri
283 1785 420 1845 fortasse
453 1784 485 1842 et
512 1784 610 1860 ipsum
638 1785 756 1860 placitis
789 1789 852 1845 tum
884 1786 1068 1845 scholasticis
1102 1785 1250 1859 debitum,
1282 1806 1341 1863 quo

151 1886 256 1946 breuis
287 1881 412 1960 syllaba
445 1881 476 1941 in
504 1883 565 1942 arsi
594 1887 664 1943 ante
691 1883 838 1959 duplicem
867 1903 1027 1944 consonam
1055 1884 1230 1960 producitur
1257 1876 1340 1964 (nam

152 1983 316 2060 productio
341 1981 373 2039 in
395 1980 520 2040 uocibus
543 1981 727 2057 graecanicis
751 1983 840 2057 paulo
866 1981 999 2056 diuersa,
1023 1983 1060 2041 cl.
1079 1982 1117 2040 ad
1137 1982 1223 2040 LXII
1243 1977 1287 2063 4),
1307 1989 1340 2043 ut

152 2081 194 2140 w
218 2085 240 2142 9
268 2080 456 2154 Propontidd
479 2084 588 2138 trucem
612 2071 763 2161 (exempla
785 2081 898 2156 passim
922 2081 1046 2156 praebet
1069 2073 1196 2161 comm).

722 2243 779 2308 IV.

245 2375 365 2435 Catulli
389 2374 535 2448 carmina,
560 2373 661 2451 qualia
684 2393 720 2433 ex
742 2373 923 2450 antiquitate
946 2376 985 2434 ad
1007 2394 1061 2435 nos
1080 2375 1193 2434 traditu
1211 2378 1341 2438 nuncin

156 2475 313 2535 codicibus
339 2473 497 2550 leguntur,
526 2473 553 2531 si
583 2473 676 2532 oculis
705 2472 923 2549 perlustramus
951 2473 1061 2547 obiter,
1089 2474 1238 2533 neminem
1261 2475 1341 2553 fugit

158 2574 318 2650 tripertita
333 2572 432 2647 operis
450 2571 584 2631 uniuersi
602 2570 725 2630 diuisio:
744 2570 926 2646 praecedunt
940 2588 1015 2647 quoe
1031 2571 1219 2630 breuioribus
1234 2575 1338 2633 metris

159 2675 260 2749 lyricis
281 2677 356 2730 sunt
374 2670 500 2745 scripta,
520 2669 650 2728 medium
669 2669 805 2744 optinent
820 2670 962 2743 opuscula
981 2670 1071 2745 longa
1086 2672 1116 2728 st
1130 2669 1231 2747 docta,
1251 2671 1339 2731 finem

162 2772 276 2830 hcinnt
295 2769 526 2844 epigrammata.
563 2786 617 2825 neo
636 2768 716 2825 ullus
736 2787 874 2843 umquam
895 2767 1047 2826 dubitauit
1066 2768 1137 2844 quin
1156 2769 1225 2828 huio
1244 2771 1340 2831 ordini

162 2880 276 2928 certum
307 2867 407 2925 subsit
437 2865 603 2924 consilium.
649 2865 709 2923 iam
733 2866 803 2924 olim
829 2863 986 2924 PCrinitus
1016 2865 1052 2924 de
1076 2871 1153 2941 poet.
1177 2868 1230 2927 lat.
1253 2887 1277 2927 o.
1298 2873 1337 2929 27

162 2967 261 3025 docuit
284 2985 359 3039 opus
382 2983 469 3024 scriem
492 2965 532 3022 ud
555 2963 719 3022 Cornelium
742 2963 878 3037 Nepotem
902 2967 979 3023 scrisit
1080 2966 1221 3024 diuiditur
1244 2973 1340 3025 coelem

166 3070 191 3120 m
214 3067 306 3122 labros
331 3069 399 3128 lrcs,
425 3068 458 3119 ul
476 3065 592 3135 priscus
615 3063 731 3135 lyricos,
751 3065 892 3121 sociandus
911 3065 1059 3136 clepiacos,
1079 3067 1179 3122 lortius
1198 3067 1339 3138 qriprunr·

166 3170 240 3220 mota
261 3164 413 3219 contineat.
449 3161 479 3217 et
497 3161 600 3233 aptum
619 3161 699 3217 certe
718 3178 736 3217 a
756 3160 852 3234 primu
871 3161 908 3218 ad
924 3161 1084 3219 secundam
1099 3164 1216 3237 partem
1231 3166 1337 3223 transi-

166 3272 225 3318 tum
250 3259 326 3318 lacit
349 3277 372 3316 c.
393 3256 461 3314 LXI
490 3256 633 3314 ametris
662 3257 707 3314 illi
736 3263 766 3315 et
793 3258 830 3316 ab
859 3259 974 3317 ambitu
1005 3260 1072 3318 huic
1101 3259 1337 3324 adscribendum.

167 3377 220 3416 non
243 3360 372 3415 seruant
395 3358 497 3413 alitem
517 3355 653 3429 singulae
676 3358 777 3430 partes
797 3356 827 3414 in
847 3357 1027 3416 carminibus
1047 3358 1109 3416 suis
1129 3365 1242 3416 certum
1263 3360 1339 3418 ordi·

168 3475 243 3531 nem,
269 3456 335 3514 siue
360 3473 428 3512 cum
452 3452 694 3527 chronologicum
718 3453 782 3511 siue
807 3473 824 3512 a
847 3456 995 3530 personis,
1020 3455 1150 3530 adquae
1175 3454 1245 3512 dale
1269 3462 1339 3516 sunt

170 3554 324 3628 opuscula,
344 3553 473 3611 rebusue
492 3550 556 3608 siue
576 3569 594 3608 a
613 3551 716 3608 uictris
737 3552 873 3625 petitum.
902 3557 933 3610 st
951 3554 981 3610 in
1000 3553 1096 3628 prima
1115 3550 1233 3626 quidem
1254 3559 1340 3628 parts

169 3653 263 3709 omniu
285 3655 350 3709 tam
375 3650 454 3707 iuter
477 3668 508 3708 se
532 3649 625 3706 mixte
647 3653 737 3724 atquo
761 3650 884 3709 confusa
908 3656 990 3723 suut,
1015 3655 1049 3708 ut
1072 3655 1161 3725 poeta
1185 3651 1260 3710 uilril
1279 3654 1339 3713 uisi

171 3750 260 3806 -olum
284 3748 360 3806 illud
385 3740 532 3805 ‘uarietas
561 3739 707 3805 delectat'
732 3751 884 3821 spectasse
908 3748 972 3805 iure
1000 3750 1039 3806 sit
1063 3748 1146 3806 uisus
1176 3750 1339 3828 plerisque:

172 3845 340 3922 praeposuit
362 3844 483 3920 quidem
502 3844 634 3902 carmina
652 3845 689 3902 ad
710 3844 849 3902 Lesbiam
874 3847 965 3904 missa
984 3850 1089 3921 utpote
1108 3846 1187 3904 sama
1207 3850 1337 3908 omnium

174 3946 292 4002 maxime
322 3942 482 4000 nobilitato
505 3935 537 4019 (a
560 3941 616 4001 ol
646 3946 727 4001 totus
757 3944 804 4002 hio
833 3945 909 4002 liber
939 3944 1031 4002 traxit
1059 3945 1190 4019 passeris
1219 3965 1338 4023 nomem

174 4044 204 4099 ci.
225 4061 331 4102 comm.
355 4040 398 4098 ibi
420 4040 451 4097 ln
475 4031 560 4120 fine),
584 4039 635 4097 scd
659 4040 703 4098 itu
728 4046 760 4100 ut
784 4043 797 4099 l
826 4046 857 4100 et
883 4042 927 4100 lll
956 4046 987 4100 et
1011 4041 1036 4097 V
1066 4046 1097 4100 et
1122 4041 1179 4099 Vll
1209 4042 1246 4099 ad
1274 4045 1339 4117 pul-

176 4140 345 4198 cherrimum
374 4139 403 4195 iu
428 4157 528 4196 amore
557 4138 608 4196 illo
637 4143 755 4214 ternpus
785 4140 966 4216 pertinent-ia
993 4140 1129 4199 consulto
1159 4138 1339 4200 discinderet

178 4238 330 4297 interiectis
359 4236 464 4294 alicnis
493 4237 581 4311 plano
606 4238 634 4294 ll
666 4245 696 4296 ot
720 4237 761 4294 IV
787 4240 817 4294 et
840 4236 896 4312 Vl,
925 4237 954 4294 iu
985 4237 1106 4311 reliquis
1135 4255 1253 4310 quoque
1282 4242 1338 4298 etsi

180 4352 228 4393 non
249 4342 311 4393 tarn
335 4334 407 4392 dala
430 4354 520 4408 opera
544 4328 655 4415 (uoluti
674 4336 835 4394 cohaerent
853 4329 1090 4410 XLI-XLIII)
1114 4338 1213 4390 lamen
1238 4336 1340 4412 aliqua

184 4450 211 4488 ιι
232 4439 315 4508 perte
343 4431 503 4491 uariationi
532 4434 703 4509 cousulens3
731 4453 910 4509 ‹piamquam
940 4453 997 4508 quo
1021 4431 1116 4506 inagis
1141 4435 1286 4506 processit
1310 4436 1339 4494 in
