2940 4912
206 333 272 399 486
680 332 781 387 LXVII
801 338 913 389 1e-22.

206 494 279 548 LXV
298 496 358 561 23),
377 493 437 548 scil.
458 493 525 547 ‘non
544 510 608 547 mea
627 493 711 561 culpa
729 494 783 547 est’
805 495 845 560 (9,
867 499 917 560 10).
956 493 1007 548 ‘te’
1029 493 1174 563 paululum
1200 492 1269 549 effer
1286 496 1334 562 (ε-
1352 495 1382 549 te

210 583 322 651 solam);
342 583 495 652 opponitur
515 581 642 652 ‘quiuis’.
672 578 739 637 ‘rino
759 583 856 637 nerbo’
878 585 1071 652 contemptum
1087 583 1187 651 habet,
1205 584 1233 639 h.
1248 600 1272 637 e.
1292 582 1385 638 obiter

208 672 386 740 breuiterque
405 673 470 742 (hoc
489 675 521 726 ut
535 672 597 726 Ter.
613 671 697 726 Andr.
713 671 725 723 I
742 679 766 738 1,
782 677 815 727 16
834 673 903 740 quia
921 677 952 725 tc
970 688 1027 726 uno
1040 673 1123 727 certo
1136 674 1202 736 dic).
1219 703 1249 712 -
1267 671 1316 727 16.
1329 671 1384 727 aad

210 761 323 816 iacere.
352 778 385 815 ex
399 761 532 830 negatiuo
547 760 597 815 illo
609 761 751 815 ‘nonsatis
761 761 813 814 est’
827 760 870 814 hic
882 776 985 830 magne
994 777 1058 815 cum
1067 760 1261 831 brachylogia,
1271 761 1384 830 qualem

209 854 288 905 amat
311 866 401 904 sermo
425 849 584 915 familiaris,
606 851 684 903 notio
708 849 885 904 adfirmatiua
903 853 946 904 est
964 850 1133 920 supplenda:
1155 850 1206 905 sed
1225 850 1339 919 oportet
1355 851 1385 905 te

209 940 331 1005 efficere3
344 940 507 993 Kuehnerus
517 939 541 991 ΙΙ
553 957 578 1007 p.
592 943 668 992 1045.
680 969 713 978 -
724 939 759 992 nt
769 939 871 1005 quinis
881 938 994 993 sentiat
1003 941 1035 994 ot
1044 938 1156 994 uideat.
1175 938 1385 994 istucauimsd·

210 1029 304 1083 nertct
322 1029 414 1096 (sciat)
439 1030 468 1080 et
489 1027 645 1097 intellegat.
684 1026 799 1095 ‘quiuis’
826 1044 859 1081 ex
878 1031 955 1082 certa
972 1028 1107 1097 formula,
1126 1030 1159 1082 nt
1177 1029 1233 1083 Cio.
1254 1046 1281 1099 p.
1302 1029 1384 1083 Roac.

209 1121 271 1170 Am.
296 1123 413 1183 45,1eu
439 1119 533 1186 quiuis
554 1122 642 1184 potest
667 1117 831 1185 imellepere,
857 1116 907 1170 nbi
932 1135 958 1170 ιι.
983 1117 1173 1186 Landgrafius.
1198 1146 1232 1157 -
1257 1117 1305 1172 lt.
1331 1117 1385 1185 qul

210 1205 348 1274 possumt
368 1220 454 1259 nemo
474 1205 597 1272 quaerit
615 1219 670 1259 neo
688 1205 768 1260 scire
787 1204 918 1261 laborat.
954 1207 1028 1260 male
1047 1210 1077 1260 et
1100 1204 1186 1260 solita
1203 1222 1268 1260 oum
1288 1206 1384 1261 conlu-

211 1296 288 1349 sione
313 1294 336 1349 I
362 1294 477 1363 ‘quid’3
502 1294 536 1347 ci.
561 1310 601 1348 ex.
621 1313 662 1362 gr.
686 1293 803 1360 Phaedr.
828 1293 841 1347 Ι
867 1298 895 1362 1,
915 1300 929 1348 7
953 1295 1002 1364 qui
1025 1297 1070 1360 (a
1089 1293 1241 1363 quomodo)
1263 1311 1385 1365 pomum,

211 1401 324 1453 quaeso,
347 1385 436 1449 [occe
459 1384 531 1451 quod
555 1384 690 1451 weris,
709 1382 791 1452 traps?
830 1382 973 1450 ‘laborat’‚
998 1400 1112 1453 operam
1132 1386 1183 1438 dat
1204 1386 1249 1450 ut;
1273 1384 1340 1440 Hor.
1359 1402 1385 1440 a.

212 1492 237 1542 p.
258 1479 292 1525 25
316 1473 407 1526 bream
429 1489 483 1526 esec
506 1472 614 1537 laboro,
639 1471 676 1524 id.
702 1471 785 1541 epist.
810 1473 820 1525 Ι
845 1479 911 1537 3,1
936 1479 966 1525 et
988 1471 1063 1527 Pers.
1083 1479 1113 1538 t,
1134 1478 1167 1527 17
1190 1475 1260 1529 scire
1283 1474 1384 1529 tuturo.

213 1562 296 1630 Verg.
316 1563 383 1614 Aen.
403 1560 428 1612 II
448 1567 498 1614 105
522 1562 618 1615 scitari
640 1566 665 1614 et
682 1578 809 1630 quaerere
833 1577 938 1615 caruca
960 1592 991 1600 —
1014 1562 1061 1616 18.
1081 1575 1136 1616 uus
1154 1563 1296 1617 uolumus
1314 1563 1385 1632 (scil.

212 1652 307 1718 scire):
333 1649 421 1705 uobis
447 1649 477 1704 u.
496 1665 525 1704 ιι.
545 1648 575 1703 (l.
612 1648 733 1717 repetito
756 1649 785 1703 in
809 1647 902 1702 uerbis
926 1666 976 1718 per
998 1650 1154 1719 asyndeton
1177 1651 1385 1707 conseculiuum

212 1740 345 1794 subiectis
365 1738 527 1809 pronomine
547 1740 719 1806 quantopere
737 1738 797 1806 ipse
812 1754 981 1806 cognoscere
995 1755 1054 1792 rem
1068 1739 1166 1809 cupiat
1179 1743 1266 1808 poeta
1279 1740 1387 1796 iudicat
1463 1781 1467 1793 .

213 1829 328 1898 l‘nobis’
349 1830 407 1883 sine
427 1846 510 1883 sensu
530 1827 570 1894 V).
591 1858 624 1867 -
647 1827 695 1881 19.
714 1826 844 1894 prlmum
864 1826 975 1899 igitur,
996 1828 1085 1894 uirgo
1103 1828 1185 1896 quod
1203 1828 1306 1885 lemur
1324 1830 1386 1885 tra·

212 1918 278 1974 ulte
296 1919 393 1972 uotis.
424 1917 568 1987 ‘primum'
588 1933 643 1970 non
664 1917 796 1970 cohaeret
814 1933 877 1969 cum
896 1933 922 1969 u.
939 1924 970 1970 31
993 1916 1059 1972 ‘nou
1076 1917 1164 1972 solum
1183 1917 1249 1972 hoc'
1270 1919 1385 1989 (quippe

214 2007 290 2076 quod
309 2025 343 2061 ex
361 2022 435 2059 noua
458 2008 559 2074 poetae
582 2004 803 2073 interrogatione
827 2003 1013 2073 profluxerit),
1037 2006 1085 2060 sed
1110 2005 1239 2060 absolute
1263 2009 1385 2077 positum

213 2101 256 2162 (ut
274 2095 365 2149 Plaut.
381 2095 459 2164 Capt.
476 2095 498 2148 Il
516 2099 619 2162 ³,100)
639 2093 667 2148 id
687 2093 760 2161 quod
781 2093 895 2147 maximi
914 2094 1048 2148 momenti
1067 2097 1111 2148 est
1129 2094 1247 2150 denotat
1263 2096 1385 2165 (germa-

213 2185 275 2239 nice
302 2184 511 2251 ‘annaeohst’):
537 2181 605 2251 quia
630 2182 686 2237 iam
712 2182 947 2236 commaculatam
972 2184 1114 2253 acceperit
1138 2183 1298 2253 mulierem¹
1323 2186 1387 2242 ideo

214 2291 295 2329 omne
319 2272 494 2328 custodiendi
517 2272 577 2327 eius
603 2289 693 2326 mores
721 2271 844 2325 officium
868 2272 950 2340 longe
974 2275 1087 2326 recusat
1109 2274 1201 2327 ianua
1238 2291 1312 2342 quae
1339 2292 1389 2345 per

215 2363 324 2432 ‘igitur'
341 2364 458 2432 (τοίνυν)
477 2379 551 2416 nuno
566 2361 602 2415 ad
617 2360 707 2430 ipsam
722 2359 911 2414 narrationem
927 2360 1031 2415 transit
1044 2361 1219 2429 (Kuehnerue
1235 2363 1260 2417 Il
1273 2382 1301 2434 p.
1317 2368 1388 2434 767).

215 2453 351 2522 uirginem
380 2453 500 2522 populus
530 2449 697 2506 Veronensis
725 2448 838 2519 putauit
864 2449 1010 2505 mulierem
1036 2452 1133 2519 utpote
1160 2452 1222 2507 uiro
1249 2453 1390 2523 inpotenti

214 2549 339 2611 nuptam.
378 2541 505 2594 ‘tradita'
526 2557 582 2594 non
602 2542 634 2593 ut
652 2539 725 2594 LXII
746 2545 793 2607 60,
817 2538 866 2592 sed
892 2539 939 2592 ‘ad
958 2540 1183 2594 custodiendum’
1204 2541 1294 2612 (Caes.
1315 2544 1341 2599 b.
1361 2563 1388 2614 g.

216 2631 253 2684 Vl
272 2638 289 2684 4
307 2631 412 2685 obsides
431 2632 535 2685 Aeduis
553 2631 742 2684 autodiersdos
761 2629 899 2695 tradidit).
920 2659 953 2668 —
972 2629 1021 2684 2⁰.
1048 2643 1109 2684 non
1127 2628 1214 2696 lllsm
1232 2631 1284 2685 ulr
1302 2633 1389 2702 prlor

216 2721 367 2787 attigerit.
398 2721 499 2789 putant
517 2719 642 2772 modeste
661 2716 707 2771 hic
726 2716 803 2785 loqui
823 2717 948 2771 ianuam:
969 2716 1088 2771 fortasse
1107 2717 1254 2772 mulierem
1272 2720 1389 2775 maritus

179 2799 187 2813 ⁹
216 2829 271 2864 nou
292 2810 389 2877 attigit
407 2811 501 2877 (sensu
522 2807 647 2874 uenerio,
671 2811 704 2861 ut
722 2806 783 2860 Ter.
806 2806 870 2860 Hac.
891 2807 901 2858 I
921 2813 952 2873 2,
972 2813 1003 2860 61
1024 2812 1100 2861 nocte
1122 2808 1173 2861 illc
1188 2810 1284 2878 prima
1302 2811 1388 2881 uirp'e

216 2916 275 2952 rura
294 2916 350 2952 oon
369 2900 485 2967 ottipit);
505 2898 534 2951 cl
559 2896 722 2951 Knehneros
741 2895 766 2947 Η
785 2914 813 2965 p.
830 2902 888 2950 132.
921 2897 969 2950 sed
989 2897 1061 2951 hanc
1079 2895 1247 2951 modestiam
1267 2900 1391 2954 excludit

216 2989 299 3057 plene
318 2985 503 3041 fortissimum
527 2985 596 3040 illud
617 2985 731 3039 ‘falsum
751 2986 814 3040 est’.
853 2984 919 3039 olim
940 2984 1067 3054 Scaliger
1085 2985 1152 3039 ‘non
1171 2986 1220 3054 qui
1239 2988 1283 3054 (=
1302 2987 1389 3056 qnod)

217 3077 306 3131 illam’
328 3075 452 3145 scripsit;
478 3075 527 3129 sed
546 3093 605 3129 rem
625 3091 676 3128 acu
696 3074 792 3143 tetigit
812 3074 899 3129 Italus
918 3075 979 3140 ille,
1004 3073 1052 3143 qui
1072 3074 1232 3143 ‘attigerat’
1254 3077 1389 3131 restituit:

217 3166 252 3219 ad
267 3168 377 3233 tempus
392 3165 573 3219 traditionem
588 3164 757 3232 praecedens
772 3166 914 3232 spectatur
929 3163 1203 3232 plusquamperfecto
1217 3164 1320 3232 l‘non’‚
1334 3181 1389 3219 non

217 3253 337 3321 quidem,
353 3256 385 3306 ut
398 3253 523 3307 ostendit
533 3254 605 3307 ‘sed'
618 3270 642 3305 u.
654 3258 702 3314 23;
713 3251 747 3306 cf.
759 3269 799 3305 ex.
810 3269 851 3319 gr.
863 3252 918 3306 Cic.
930 3252 1006 3304 Brut.
1017 3257 1032 3316 5
1042 3253 1114 3318 226).
1137 3251 1235 3321 ‘prlor'
1247 3253 1390 3321 explicant

218 3343 294 3394 ‘ante
309 3341 428 3396 eeteros'
444 3341 516 3411 (Tib.
533 3343 543 3395 1
559 3349 584 3408 4,
599 3346 643 3402 32)
658 3340 715 3408 olii,
731 3341 780 3394 alii
795 3341 829 3394 de
844 3341 953 3395 duobus
967 3339 1092 3394 mulieris
1107 3341 1176 3394 uiris
1191 3340 1319 3411 cogitant
1332 3342 1390 3412 (sed

217 3431 336 3484 alterum
356 3448 411 3484 uon
430 3448 511 3500 posse
530 3429 682 3485 Caecilium
702 3447 762 3483 esso
782 3430 921 3490 uidimus).
958 3429 987 3483 in
1002 3437 1128 3483 sermone
1142 3429 1276 3484 familiari
1291 3431 1388 3501 ‘prior’

217 3537 279 3574 cum
300 3520 420 3588 quadam
441 3522 581 3575 breuitate
605 3520 690 3574 estis
710 3520 757 3587 qui
777 3520 853 3588 prius
872 3521 977 3586 (antea)
1001 3518 1084 3583 uixit;
1112 3519 1203 3573 Amm.
1224 3520 1308 3577 Marc.
1328 3518 1390 3574 XXI

217 3617 244 3678 6,
262 3617 278 3663 2
298 3612 369 3663 inter
384 3613 492 3678 priores
509 3613 610 3676 fratres
629 3609 664 3662 de
685 3609 810 3663 mortuis.
833 3639 862 3648 -
883 3608 936 3680 21,
955 3608 1003 3662 22.
1024 3607 1198 3674 languidior
1215 3611 1324 3678 tenera
1341 3610 1390 3665 cul

217 3699 351 3768 pendeus
371 3699 469 3753 sleula
493 3698 563 3753 beta
585 3714 745 3765 numquam
772 3712 804 3752 se
824 3697 950 3752 maulam
975 3697 1102 3753 sustulit
1120 3696 1158 3752 nu
1176 3698 1321 3752 tualeam.
1356 3698 1391 3752 (le

219 3788 285 3842 ‘cui'
312 3789 429 3842 traiecto
453 3789 489 3841 ad
509 3788 589 3841 Corn.
609 3793 634 3841 9.
673 3787 784 3840 ‘sicula'
809 3781 858 3840 ἇκ,
882 3791 938 3854 try.
963 3787 1028 3854 (nisi
1050 3788 1123 3842 forle
1147 3785 1238 3840 Plaut
1260 3788 1391 3857 Amph.I

219 3885 243 3943 1,
265 3883 315 3930 152
334 3875 537 3931 restituendum
557 3881 600 3931 est
623 3895 675 3943 ern,
699 3879 831 3930 nuncium
850 3893 912 3944 erpo
929 3877 1027 3942 siculo,
1046 3875 1105 3929 scil.
1125 3873 1162 3928 ad
1182 3893 1281 3929 uranus
1300 3893 1391 3930 suma-

218 3967 287 4035 tur);
308 3984 358 4020 nec
379 3967 459 4020 ‘sica'
481 3966 527 4020 ubi
547 3967 701 4020 mentulam
721 3967 837 4019 denotet
854 3967 933 4018 extat
956 3964 1033 4019 Iocus
1051 3964 1137 4030 ulter,
1156 3963 1224 4018 licet
1242 3965 1337 4035 Imago
1356 3967 1394 4020 uit

219 4061 317 4125 operta
336 4060 365 4109 et
383 4055 522 4109 similibus
537 4056 655 4123 (‘hasta,
676 4055 777 4120 telum,
797 4054 967 4120 machaera’‚
987 4054 1078 4123 Priep.
1094 4061 1137 4119 26,
1152 4059 1169 4105 3
1182 4055 1289 4107 uentris
1303 4055 1392 4120 onero)

218 4150 261 4199 sat
280 4146 402 4200 defensa.
431 4144 542 4199 Petron.
565 4150 614 4198 132
634 4143 668 4198 de
689 4144 800 4197 homine
819 4143 855 4196 ad
875 4160 932 4196 rem
953 4143 1102 4198 Veneriam
1122 4160 1178 4196 non
1196 4145 1264 4211 apto
1283 4144 1392 4212 lococi-

218 4237 279 4288 dr'or
298 4237 407 4289 coliculi
425 4240 532 4302 repente
551 4235 656 4303 oyem
676 4222 711 4285 ile
731 4233 808 4300 beto,
829 4233 904 4287 olere
924 4233 1086 4286 mollissimo
1106 4230 1309 4302 lenissimoque
1327 4233 1392 4301 (‘tu·

218 4324 309 4389 nern’)
333 4325 366 4377 cl.
391 4324 460 4376 Plin.
486 4324 512 4377 h.
533 4340 560 4376 u.
585 4321 647 4374 xix
673 4326 736 4385 1323
766 4321 884 4376 adnotat
910 4320 1040 4388 vulpina,
1065 4323 1220 4388 Augustum
1244 4338 1296 4390 pro
1321 4322 1392 4376 ‘lm-

218 4413 366 4478 gnescere'
392 4412 496 4466 dixisse
524 4411 689 4466 ‘belissare’
714 4411 801 4477 [Suet
826 4414 897 4479 Aug.
917 4414 970 4476 67).
1014 4407 1181 4477 ‘pendens’,
1205 4408 1339 4477 Quoue,
1363 4415 1394 4464 ut
