2940 4912
626 292 714 348 uxiv
732 300 847 351 ιιι-ιο.
1260 295 1323 361 391

152 459 199 529 (cf.
219 457 279 512 LXI
299 459 345 527 21)
364 474 428 511 cum
446 458 538 526 myrto
562 455 638 511 celsa
656 454 826 524 floribusque
848 456 939 510 uernis
962 455 1079 526 pulcris:
1100 486 1131 495 -
1152 456 1200 512 89.
1220 458 1325 525 qualos

150 548 284 604 Eurotae
314 546 501 616 progignunt
527 545 653 600 flumina
681 545 808 614 myrtos.
852 547 896 599 est
916 544 963 598 hic
985 544 1083 599 unicus
1105 546 1196 613 locus,
1223 545 1272 601 ubi
1295 547 1327 602 fit

150 637 259 692 mentio
278 635 363 704 myrti
379 635 533 690 Laconicae
553 639 627 702 (nam
648 634 676 687 in
691 633 794 689 Culicis
812 653 838 691 u
857 640 909 688 400
928 651 984 689 non
1000 632 1161 702 ‘Spartica'‚
1181 651 1253 702 quae
1271 653 1325 690 uox

146 725 231 780 nihili
256 727 313 792 ast,
337 724 386 779 sed
410 722 554 779 ‘Parthica
578 724 695 792 myrtus’
723 721 846 793 optimus
870 722 942 778 liber
965 721 1119 777 Vossianus
1142 724 1272 792 praebet;
1296 725 1326 778 et

149 819 227 870 recte
244 812 334 868 etiam
349 813 530 882 Amyclaeum
549 811 669 867 thallum
691 813 727 867 ab
746 812 855 881 Heynio
875 812 910 864 ad
929 811 1000 866 Ciris
1019 828 1045 865 u.
1060 816 1112 866 376
1132 812 1185 866 buc
1203 813 1324 867 relatum

148 904 294 970 reieccre);
309 902 395 956 immo
414 903 533 957 Eurotas
549 902 625 970 apud
640 903 760 957 Graecos
775 899 925 962 δονακόεις
939 902 969 955 et
987 897 1198 969 δονακοτρόφος
1218 901 1324 971 (Eurip.

148 992 212 1045 Hel.
231 996 284 1044 210
308 995 338 1046 et
359 991 449 1061 lphig.
474 991 537 1045 Aul.
563 995 639 1058 176),
664 989 806 1045 ‘oliuifer'
832 990 907 1059 apud
931 988 1052 1044 Statium
1078 990 1178 1061 [Theb.
1199 990 1237 1043 lV
1259 993 1324 1063 227]

147 1080 230 1135 audit
247 1083 493 1149 conmemoratque
519 1079 578 1135 eius
601 1080 694 1134 lauros
714 1079 827 1134 Seruius
848 1081 883 1134 ad
898 1079 981 1150 Verg.
996 1080 1047 1134 ecl.
1067 1085 1092 1147 6,
1112 1083 1159 1134 83:
1178 1079 1213 1134 de
1233 1082 1325 1148 myrto

148 1168 220 1224 nihil
238 1169 359 1225 omnino.
396 1169 528 1239 prouenit
552 1172 644 1224 autem
666 1170 809 1224 ‘Eurotae'
836 1187 869 1224 ex
894 1185 971 1224 mera
990 1169 1125 1224 Italorum
1150 1169 1322 1238 coniectum
1395 1223 1399 1227 .

147 1276 234 1327 qnam
253 1258 322 1314 licet
339 1259 404 1312 inde
424 1260 550 1328 aprima
573 1259 697 1313 editione
723 1275 810 1328 usque
833 1259 869 1313 ad
888 1259 962 1313 hunc
983 1259 1057 1313 diem
1076 1275 1157 1312 nemo
1176 1259 1323 1328 spreuerit‚

147 1346 334 1416 spernendam
357 1350 451 1403 tamen
476 1364 548 1402 nune
572 1365 680 1403 censeo.
717 1347 891 1403 Vexbibet:
917 1348 1036 1417 ‘europe
1059 1347 1257 1417 pergignuut'.
1294 1351 1324 1403 et

148 1437 299 1492 coniuncta
314 1436 466 1507 ‘Europae'
483 1439 513 1490 et
528 1437 657 1504 ‘myrtos'
674 1417 780 1506 legenti
798 1435 829 1489 iu
846 1436 1010 1491 memoriam
1031 1433 1101 1489 mihi
1119 1435 1198 1490 uenit
1213 1437 1324 1508 Europa

148 1525 200 1580 illa
223 1526 345 1580 Hellotis
368 1526 397 1579 in
423 1524 507 1579 Creta
529 1526 617 1592 culta,
647 1526 691 1580 cui
720 1524 890 1580 offerebatur
916 1541 1018 1579 corona
1042 1526 1150 1593 myrtea
1173 1525 1323 1593 (Prellerus

148 1617 238 1685 myth.
253 1633 294 1684 gr.
310 1616 335 1670 11
350 1633 377 1685 p.
395 1615 459 1669 117⁸
472 1632 523 1683 sq,
538 1614 663 1668 Hehnius
678 1614 696 1668 l.
713 1614 771 1682 lp.
789 1617 864 1683 192):
884 1631 967 1682 quam
983 1600 1053 1668 bene
1071 1614 1101 1668 iu
1116 1614 1168 1669 hac
1183 1615 1323 1671 Ariadnae

149 1702 338 1774 descriptione
361 1703 431 1759 haec
456 1703 567 1773 Europa
591 1706 686 1773 (quam
712 1703 823 1758 fabulae
847 1703 956 1759 faciunt
978 1701 1079 1758 Minois
1106 1707 1236 1772 matrem)
1260 1722 1322 1760 con·

151 1792 329 1859 memoretur,
344 1795 444 1861 sponte
459 1790 646 1861 intellegitur;
662 1790 848 1860 conuenitque
859 1791 943 1847 docta
957 1792 1028 1847 haec
1040 1791 1203 1861 conparatio
1222 1794 1323 1862 poetae

149 1878 292 1936 nesciocui
303 1880 500 1949 Alexandrino,
515 1898 598 1949 quem
612 1880 641 1935 iu
655 1882 715 1935 toto
730 1880 784 1936 hoc
798 1881 860 1936 loco
875 1880 1002 1949 sequitur
1016 1885 1112 1936 noster
1126 1879 1190 1949 (uisi
1205 1882 1275 1937 forte
1290 1899 1323 1937 ex

149 1968 267 2025 Creticis
281 1969 347 2035 illis,
363 1969 509 2038 dequibus
525 1969 647 2037 efrllisc.
659 1967 725 2024 Crit.
739 1987 765 2038 p.
778 1975 820 2036 20,
836 1968 950 2038 hausit).
979 1970 1035 2024 iam
1050 1986 1116 2025 uero
1130 1970 1219 2025 multo
1233 1971 1323 2040 magis

149 2065 193 2115 est
212 2057 336 2126 dubium,
356 2076 423 2112 num
443 2057 507 2112 Itali
527 2075 576 2128 pro
592 2058 786 2128 ‘pergiguunt’
807 2075 877 2113 uoce
895 2075 952 2114 non
969 2057 1059 2113 latina
1076 2076 1142 2114 uere
1160 2059 1325 2130 scripserint

151 2147 357 2219 ‘progignunt’.
387 2163 452 2200 nam
473 2147 525 2201 etsi
544 2149 652 2202 rectum
667 2149 724 2216 est,
742 2149 848 2217 myrtos
863 2165 956 2203 amare
970 2164 1059 2217 aquas
1076 2148 1229 2217 (Theophr.
1245 2150 1272 2203 b.
1289 2147 1320 2218 pl

149 2236 173 2291 Il
185 2243 211 2304 8,
225 2236 309 2306 Verg.
321 2235 353 2290 G.
365 2235 401 2289 lV
415 2240 485 2303 124),
496 2238 589 2290 tanmu
605 2235 709 2290 nudum
727 2235 798 2290 illud
810 2236 957 2304 ‘flumina',
973 2240 1002 2291 ut
1015 2236 1073 2291 iam
1088 2237 1157 2291 olim
1168 2237 1247 2293 Italis
1257 2236 1323 2292 hinc

152 2325 296 2380 ‘Eurotae’
308 2343 387 2379 suum
399 2324 552 2379 secundum
559 2325 644 2395 Verg.
654 2325 705 2379 ecl.
716 2330 746 2391 6,.
752 2330 786 2379 64
799 2324 932 2379 Permessi
941 2325 978 2378 ad
987 2326 1105 2392 flumina
1114 2325 1323 2395 reponentibus,

151 2415 191 2470 ita
209 2414 279 2470 mihi
299 2416 409 2483 quoqu’e
429 2414 514 2470 bilem
533 2418 641 2469 mouet:
662 2416 754 2470 certae
774 2413 897 2484 regionis
916 2413 1032 2468 flumina
1045 2414 1217 2483 adpellauda
1235 2419 1324 2485 erant,

151 2521 212 2558 cum
231 2520 288 2558 non
308 2520 404 2558 omnes
430 2520 527 2558 amnes
546 2506 652 2573 myrtos
676 2503 877 2573 progignerent
899 2502 929 2556 in
948 2502 1080 2558 honorem
1100 2502 1230 2573 Europae
1249 2506 1324 2573 (nam

88 2632 92 2639 ·
150 2592 290 2649 lubentius
311 2592 463 2662 ‘Europae’
484 2592 612 2646 datiuum
633 2591 778 2647 habuerim
799 2609 880 2660 quam
897 2591 1060 2662 genetiuum
1079 2592 1241 2660 a‘myrtos’
1257 2611 1323 2663 peu·

149 2681 279 2749 dentem).
317 2681 390 2736 uude
409 2698 442 2736 ex
466 2680 571 2735 tradito
593 2681 787 2750 ‘psrgiguuut'
808 2681 885 2736 aliud
911 2680 977 2750 quid
1002 2680 1178 2736 eliciendum.
1216 2683 1322 2738 conieci

150 2769 276 2827 ‘Phaesti
300 2769 369 2823 daut
393 2768 529 2824 flumiua’.
571 2785 635 2824 uam
659 2770 692 2823 ut
714 2769 822 2838 regioni
845 2769 919 2823 iuter
942 2768 1096 2840 Gortynam
1119 2771 1150 2825 et
1171 2771 1323 2828 Phaestum

151 2859 220 2914 sitae
243 2859 406 2913 adscribunt
429 2859 542 2914 fabulae
565 2859 671 2912 cultum
692 2859 834 2928 Europae,
861 2858 903 2913 ita
926 2875 997 2927 quae
1016 2859 1091 2914 circa
1109 2860 1262 2915 Phaestum
1281 2861 1321 2916 in·

152 2949 300 3004 neuiuutur
318 2966 428 3014 amnes,
447 2948 608 3017 intorques
627 2949 732 3003 eminet
751 2947 903 3016 Lethaeus,
922 2948 1005 3004 facile
1024 2949 1166 3020 explicant
1184 2949 1323 3020 pluralem

152 3038 303 3105 ‘flumina'3
323 3037 462 3107 exquisite
481 3039 576 3092 autem
597 3038 687 3093 ‘daut’
704 3055 754 3108 pro
771 3037 977 3109 progignunt,
996 3042 1028 3093 ut
1041 3038 1121 3094 Ouid.
1137 3039 1201 3096 fast.
1219 3040 1255 3094 Vl
1273 3046 1323 3096 180

150 3134 222 3184 tenc
247 3130 328 3196 fabas
347 3134 455 3182 tuntum
472 3129 596 3198 duroque
614 3129 695 3194 farra
718 3130 803 3184 dabat
824 3131 864 3196 (et
886 3129 1003 3184 fortasse
1024 3130 1058 3204 ‘p
1076 3129 1209 3200 gignunt'
1229 3132 1325 3203 glossa

151 3218 338 3289 suprascripta
357 3216 420 3272 uitii
440 3233 538 3284 oausa3
558 3234 727 3286 quamquam
749 3219 864 3273 nomina
881 3217 995 3288 propria
1009 3219 1116 3273 rariora
1134 3237 1218 3290 saepe
1235 3220 1322 3274 horri-

151 3307 235 3363 bilem
254 3307 284 3361 in
304 3305 419 3361 modum
439 3309 503 3361 sunt
521 3307 696 3377 deprauata).
725 3311 848 3363 ceterum
868 3308 939 3364 ext)
961 3309 1054 3377 recepi
1069 3309 1208 3378 ‘myrtos’,
1228 3326 1323 3379 quem-

150 3397 300 3452 admodum
315 3412 425 3466 semper
440 3395 470 3449 in
484 3396 537 3451 hoc
552 3412 618 3450 casu
633 3395 1135 3465 exhibentcodd.(Neuius1616).—
1146 3399 1195 3452 90.
1210 3413 1323 3453 auraua

150 3485 311 3542 dlstlnotos
330 3487 432 3541 educit
455 3501 550 3541 uerna
575 3488 704 3541 colores.
741 3485 904 3556 genitabilis
924 3504 992 3540 eura
1012 3486 1131 3554 Fauoni,
1151 3504 1235 3554 quarn
1254 3488 1325 3542 dicit

150 3574 311 3643 Lucretius,
335 3573 431 3630 educit
454 3575 513 3630 siue
538 3575 645 3644 profert
663 3575 765 3643 (Plaut.
784 3576 868 3629 Poen.
887 3574 901 3627 1
919 3580 949 3642 2,
970 3580 1034 3641 143;
1053 3574 1124 3628 Pliu.
1144 3576 1171 3631 h.
1191 3594 1216 3630 n.
1237 3575 1261 3627 X
1280 3582 1323 3643 bt,

151 3669 195 3732 ⁷53
223 3664 258 3718 cf.
283 3664 355 3718 infra
379 3669 431 3717 282
455 3681 528 3718 aare
551 3664 631 3733 parit
655 3665 744 3732 floreo)
769 3661 862 3717 uarios
888 3662 981 3727 flores;
1010 3662 1062 3715 hac
1088 3661 1162 3715 euim
1185 3662 1323 3732 signitica-

151 3753 229 3809 tione
247 3755 349 3823 poetae
368 3752 504 3808 adhibent
522 3752 661 3807 interdum
680 3769 778 3807 uocem
794 3751 934 3819 ‘colores’,
953 3754 984 3805 ut
1001 3749 1086 3805 Culex
1105 3756 1139 3804 70
1158 3752 1236 3806 tellio
1253 3769 1322 3822 pem-

149 3845 250 3898 nantis
265 3844 344 3912 picta
360 3859 412 3912 per
430 3843 526 3897 hobas
544 3860 607 3897 aere
625 3849 703 3898 octat
725 3843 801 3897 dulei
824 3843 956 3897 distincto
979 3842 1115 3896 coloribus
1134 3857 1219 3908 aroc,
1243 3841 1322 3895 Luer.

150 3933 173 3986 V
193 3939 244 3988 ’137
259 3949 319 4001 sqq.
339 3934 360 3986 it
379 3949 428 3986 aer
455 3937 479 3986 et
504 3931 594 3986 Venus
676 3931 768 3985 Flora
789 3933 889 4001 quibus
906 3937 992 3987 mater
1073 3935 1172 3984 cuncta
1190 3930 1325 3984 coloribus

149 4023 262 4092 eprepits
285 4026 310 4075 et
334 4022 465 4075 odoribus
487 4022 591 4090 opplet,
614 4020 697 4090 Verg.
717 4020 748 4074 G.
775 4019 813 4072 lV
838 4026 890 4075 306
914 4020 1080 4074 emenonis
1104 4020 1221 4074 nocant
1243 4037 1324 4089 quam

148 4117 233 4181 pratu
262 4111 412 4175 coloribus,
442 4109 505 4164 alia.
551 4109 607 4164 iam
636 4110 719 4164 tellus
751 4110 864 4178 quidem
894 4108 1055 4177 (‘daedala’
1087 4107 1217 4175 Lucretii)
1245 4108 1325 4164 audit

150 4199 317 4268 ‘distincta’‚
336 4216 418 4270 porro
438 4199 541 4254 herbae
561 4199 774 4269 distinguuntur
799 4198 913 4253 floribus
933 4198 1024 4267 (Ouid.
1045 4201 1109 4252 met.
1132 4198 1153 4250 V
1175 4200 1251 4266 adop
1276 4198 1324 4254 ubi

149 4290 230 4346 dores
245 4288 413 4359 simpliciter
428 4288 576 4343 ‘distincti'
593 4289 784 4358 adponentur,
800 4305 854 4342 uon
869 4288 951 4342 facilc
966 4288 1092 4342 inuenies
1107 4289 1207 4343 locum.
1229 4305 1324 4357 quam·

151 4396 234 4449 quam
248 4396 293 4433 res
308 4384 352 4433 est
365 4379 475 4448 aperta:
497 4382 562 4433 sunt
575 4377 656 4432 flores
675 4378 769 4431 inter
788 4393 823 4432 sa
844 4376 969 4432 distincti
983 4381 1012 4431 et
1026 4376 1091 4431 hinc
1106 4377 1176 4431 uarii
1192 4379 1250 4433 siue
1266 4396 1324 4433 uor-
