2940 4912
614 324 702 382 XCIV
722 331 800 381 1-2.
1228 326 1294 390 575

124 485 225 555 quibus
246 483 372 539 Catullus
391 485 519 540 adoritur
537 484 692 541 Mentulum
712 485 758 555 (cf.
778 483 833 554 CV,
853 485 950 557 CXIV,
969 485 1067 555 CXV),
1086 488 1113 543 h.
1134 504 1157 542 e.
1177 488 1298 543 Mamur·

121 592 196 642 ram,
220 574 335 630 atinde
359 593 377 629 a
395 574 505 631 Murato
529 574 657 645 plerique
682 591 778 630 omues
801 577 877 630 recte
901 579 1087 646 sumpserunt
1123 594 1188 631 nam
1207 595 1297 647 neque

125 663 275 718 ‘Mentula'
301 681 435 732 umquam
459 681 556 718 uerum
580 667 640 719 erat
658 679 761 718 nomeu
779 665 922 735 proprium
947 668 1012 735 (non
1035 665 1111 720 recte
1129 665 1299 721 arcessiuere

121 750 242 820 ‘Bestia
267 751 349 823 Rata,
372 751 505 820 Bibulus,
530 752 629 821 Buoa’,
653 753 823 824 similiaque)
847 770 938 822 neque
962 753 1138 824 dispicimus,
1162 755 1191 809 in
1214 774 1298 825 quem

119 841 220 896 melius
246 842 316 896 haec
343 843 468 897 carmina
493 842 664 899 conueniunt
686 861 772 912 quam
795 844 824 898 iu
842 843 1028 912 Mamurram,
1048 845 1126 900 cuius
1154 844 1298 900 ‘diffututa

122 930 259 985 mentula’
280 930 381 1002 (XXIX
398 933 441 1000 13)
456 931 561 986 celebri
576 932 651 987 dicto
667 931 814 987 diffamata
827 931 901 988 ultro
917 949 946 987 se
961 933 1066 1003 optulit
1079 936 1180 1003 poetae
1194 951 1297 990 nouam

119 1018 226 1074 inimici
250 1019 471 1089 appeliationem
499 1021 668 1089 anquirenti.
709 1039 774 1076 nam
798 1021 973 1091 anquireuda
996 1037 1030 1076 ee
1053 1024 1115 1077 erat
1138 1039 1205 1078 saue
1228 1027 1297 1092 tum,

120 1127 184 1164 cum
209 1109 336 1164 Catullus
361 1126 423 1164 cum
443 1110 563 1165 Caesare
585 1110 784 1166 reconciliatus
807 1112 864 1165 iam
888 1113 955 1166 huic
978 1111 1117 1181 pepercit:
1140 1112 1298 1166 Mamurrae

119 1215 221 1253 nomeu
239 1215 301 1252 cnm
320 1199 433 1253 nomine
452 1197 579 1254 Caesarie
598 1197 739 1254 artissime
758 1199 788 1254 in
806 1200 978 1256 carminibus
998 1201 1187 1270 superioribus
1207 1201 1296 1255 XXIX

119 1290 150 1342 et
171 1286 247 1342 LVII
272 1288 451 1343 coniunctum
475 1305 531 1343 non
554 1288 688 1343 adhibere
712 1287 807 1359 potuit
830 1292 915 1360 poeta
939 1289 1022 1344 aliter
1045 1290 1098 1344 nisi
1120 1291 1153 1343 ιιι
1170 1288 1297 1345 Caesaris

119 1393 230 1446 quoque
248 1377 454 1432 inuectiuarum
472 1377 637 1432 memoriam
660 1378 839 1433 resuscitaret
862 1378 946 1432 nimia
965 1381 1072 1447 aperte.
1109 1377 1185 1432 sacta
1203 1383 1297 1433 autem

120 1467 182 1520 erat
200 1465 395 1521 reconciliatio
419 1484 482 1521 cum
506 1484 562 1521 uno
581 1466 669 1537 Iulio,
691 1485 747 1522 non
771 1465 856 1522 simul
876 1484 937 1522 enm
957 1466 1110 1521 Mamurra:
1134 1467 1207 1520 huno
1230 1484 1298 1535 quo·

120 1555 214 1609 minus
233 1554 319 1609 etiam
338 1557 404 1624 post
427 1571 488 1610 eam
507 1555 702 1625 insequeretur
720 1555 791 1610 nihil
809 1555 967 1625 prohibuit,
993 1556 1077 1611 modo
1101 1557 1177 1611 solus
1195 1557 1236 1610 ita
1254 1557 1296 1611 iu-

120 1646 282 1710 cesseretur,
293 1645 326 1697 ut
335 1643 438 1699 Caesar
447 1661 502 1699 non
512 1645 604 1700 denuo
614 1646 811 1712 lacesseretur3
822 1647 857 1701 cf.
866 1645 1029 1702 Schwabins
1037 1664 1063 1715 q.
1074 1646 1102 1701 C.
1111 1664 1138 1715 p.
1147 1653 1296 1704 226—289.

125 1735 250 1787 ceterum
274 1732 469 1803 interpretatio
494 1737 537 1789 cst
562 1733 731 1789 difficillima
753 1737 902 1804 propterea
921 1735 993 1803 quod
1019 1733 1054 1789 de
1072 1735 1212 1789 sententia
1235 1752 1297 1805 pro·

125 1822 215 1876 uerbii
226 1822 312 1892 (quod
327 1823 543 1877 introducebant
556 1822 606 1877 illo
620 1824 705 1892 ‘quod
721 1823 829 1877 dicunt’
842 1823 1017 1892 similiterue,
1032 1827 1064 1876 ut
1077 1823 1190 1879 XCVIII
1201 1831 1225 1891 ι,
1241 1824 1297 1893 (33,

125 1911 217 1966 Plaut.
226 1912 310 1967 Pocu.
321 1913 331 1965 l
343 1919 366 1980 1,
375 1917 400 1979 8,
411 1913 473 1967 Ter.
482 1912 593 1967 Phorm.
601 1912 640 1965 Ill
648 1919 674 1978 2,
682 1919 725 1981 21,
736 1911 851 1982 Propi]
862 1912 1140 1982 16,35,H0r,epist.1
1151 1920 1175 1981 7,
1185 1916 1231 1982 49)
1241 1931 1296 1969 non

125 2003 244 2056 constat.
275 2001 362 2055 ‘aula’
380 2004 529 2070 postquam
544 2002 574 2055 in
590 2001 658 2056 ‘cla’
671 2002 718 2071 (od
727 2000 804 2055 XXV
814 2004 841 2070 2)
852 2004 881 2055 et
896 2001 976 2056 ‘blla’
989 2001 1067 2069 abiit,
1082 2003 1201 2072 populns
1214 2002 1296 2074 facile

123 2090 207 2146 ‘clus'
229 2108 291 2145 cum
312 2090 403 2158 ‘clla’,
423 2090 453 2144 iu
475 2108 532 2160 qua
557 2087 698 2160 coquitur,
722 2090 897 2146 consocieuit
915 2089 1004 2159 (Varr.
1025 2091 1052 2145 d.
1071 2091 1089 2147 1.
1109 2091 1127 2146 l.
1147 2090 1172 2143 V
1193 2096 1242 2145 1⁰8
1262 2093 1296 2146 ab

122 2181 177 2235 olto
200 2181 275 2235 olera
298 2181 387 2247 dictu,
409 2195 525 2249 pomum
548 2178 564 2212 ⁴³
586 2198 605 2234 a
626 2197 722 2252 genere
743 2180 759 2215 *
783 2182 871 2235 meda
893 2181 987 2248 oleo).
1028 2180 1077 2235 sed
1101 2180 1126 2235 si
1153 2179 1210 2235 olla
1235 2181 1298 2250 ipsa

121 2269 224 2323 dicitur
239 2268 344 2339 eligere
360 2268 453 2339 (Verg.
464 2268 534 2324 Aen.
548 2268 587 2322 XI
601 2275 653 2324 632
668 2270 785 2340 legitque
800 2272 893 2324 airum
907 2271 963 2338 air)
978 2269 1064 2337 olera,
1078 2269 1196 2324 obscura
1213 2270 1297 2324 huius

121 2358 191 2412 dicti
214 2357 354 2413 sententia
377 2361 486 2426 manet,
512 2376 575 2413 cum
601 2358 761 2427 quaesItum
785 2357 917 2412 uideatur
939 2375 980 2412 ex.
1000 2376 1041 2428 gr.
1066 2358 1100 2413 de
1123 2358 1209 2413 uarIis
1232 2358 1296 2414 ollis

120 2465 191 2517 quae
214 2448 295 2502 naria
317 2448 424 2502 olerum
448 2464 552 2518 genera
574 2447 712 2517 recipiant
735 2447 860 2516 cogitare
886 2449 915 2502 et
937 2446 1002 2500 hinc
1032 2445 1185 2516 explicare:
1213 2464 1295 2502 nnus·

119 2537 239 2607 quisque
256 2538 286 2590 id
305 2538 379 2607 quod
399 2535 453 2591 eibi
471 2536 640 2592 conueniens
659 2540 814 2605 aptumque
833 2539 878 2591 est
892 2535 975 2608 eligit
988 2538 1050 2604 (uec
1066 2553 1198 2606 graecum
1213 2527 1296 2606 εὗρεν

119 2621 137 2695 ἡ
157 2622 245 2689 λοπὰς
267 2623 299 2681 τὸ
322 2627 408 2696 πῶμα
431 2627 486 2681 huc
509 2625 651 2696 pertinet).
693 2626 827 2680 AStatius
850 2625 891 2681 ita
917 2625 1051 2696 explicat,
1074 2625 1244 2681 Mamurram
1267 2643 1296 2681 se

120 2733 264 2784 excusare,
283 2732 340 2770 non
358 2733 388 2770 se
408 2716 563 2782 moechari,
582 2714 631 2770 sed
650 2715 805 2770 mentulam
824 2715 926 2785 ipsam;
946 2717 976 2769 et
993 2715 1021 2769 in
1036 2715 1109 2770 hanc
1129 2716 1169 2770 sic
1184 2715 1294 2786 culpam

121 2805 251 2874 conferri,
276 2808 309 2860 ut
331 2807 417 2876 uulgo
442 2806 527 2860 etiam
554 2804 610 2859 dici
635 2804 736 2872 soleat,
760 2822 816 2860 non
840 2805 917 2860 olera
939 2803 1062 2873 aliquem
1085 2804 1222 2872 furatum,
1247 2805 1296 2859 sed

120 2894 206 2951 ollam
229 2894 334 2964 ipsam;
359 2896 389 2950 at
412 2897 471 2949 eius
495 2895 601 2949 furtum
625 2893 711 2948 fuisse
735 2897 876 2964 constare,
902 2893 980 2948 cuius
1004 2894 1089 2948 etiam
1114 2894 1152 2947 sit
1175 2893 1245 2962 olla,
1264 2897 1296 2948 nt

119 2985 277 3039 adulterum
301 2983 387 3039 etiam
411 3000 472 3039 esse
495 3000 558 3038 eum
579 2983 764 3038 dubitandum
788 2981 912 3049 nonsit,
936 2982 1015 3037 cuius
1039 2982 1106 3036 illae
1125 2983 1181 3037 sint
1199 2986 1294 3052 partes

120 3073 258 3130 obscenae
277 3074 406 3143 (‘Iegere’
423 3090 474 3143 pro
490 3072 598 3128 ‘furari’
616 3071 729 3143 saepius
748 3088 906 3140 occurrere,
925 3071 999 3126 uude
1020 3070 1239 3142 ‘sacrilegium’3
1259 3071 1294 3126 cf.

120 3163 204 3218 etiam
224 3163 317 3232 Priap.
336 3169 379 3232 24,
398 3167 433 3231 4).
473 3162 608 3232 additque
623 3161 756 3232 Vulpius,
775 3161 862 3217 uerba
882 3161 1020 3217 ‘Mentula
1038 3161 1213 3216 moechatur’
1234 3177 1293 3215 esse

120 3251 240 3308 adulteri
260 3253 411 3323 μιμητικῶς
429 3253 551 3322 prolata,
572 3254 747 3308 ‘moechatur
760 3252 886 3307 mentula
900 3252 987 3307 certe'
1005 3249 1109 3306 Catulli
1126 3267 1289 3321 responsum

121 3342 299 3398 concedentis
317 3342 347 3397 id
365 3359 462 3397 uerum
481 3358 551 3412 esse,
570 3343 601 3396 at
619 3341 691 3397 nihil
710 3342 770 3396 eius
788 3358 901 3397 oausam
920 3341 1026 3397 iuuare.
1056 3358 1128 3410 qnae
1148 3341 1244 3395 omnia
1261 3342 1294 3394 ut

120 3431 228 3487 incerta
245 3433 310 3486 sunt
328 3430 418 3498 (uelut
436 3431 471 3486 de
489 3431 558 3486 furis
578 3430 757 3485 excusatione
776 3447 809 3484 ex
829 3431 886 3485 olla
904 3432 1018 3499 petita),
1045 3429 1086 3483 ita
1111 3447 1128 3483 a
1147 3431 1295 3486 uerborum

120 3519 339 3576 conformatione
357 3520 405 3575 uix
424 3519 576 3589 quidquam
596 3519 740 3588 accipiunt
757 3518 898 3588 praesidii.
937 3518 1063 3586 Scaliger
1082 3535 1124 3587 cp.
1143 3518 1224 3573 Hom.
1244 3518 1294 3572 Od.

120 3608 184 3663 XVI
207 3614 260 3663 294
288 3604 376 3672 αὐτὸς
403 3605 457 3677 γὰρ
487 3604 637 3677 ἐφέλκεται
665 3602 758 3675 ἄνδρα
787 3608 907 3675 σίδηρος.
950 3605 1075 3660 Muretus
1102 3607 1155 3660 hoc
1178 3607 1295 3676 uulgare

119 3696 225 3754 dictum
249 3697 334 3752 fnisse
358 3701 440 3768 putet
463 3699 492 3752 in
516 3714 582 3766 eos,
606 3696 654 3767 qni
678 3713 740 3750 cum
766 3695 802 3749 ad
823 3694 940 3749 aliorum
961 3693 1106 3749 libidinem
1126 3697 1210 3749 antea
1232 3712 1294 3764 prc-

121 3787 260 3843 stitisseut
277 3789 486 3856 prostarentue,
505 3789 673 3856 quaererent
690 3785 746 3857 ipsi
764 3801 889 3854 quoqne,
908 3784 956 3838 ubi
975 3784 1121 3839 libidinem
1136 3785 1296 3839 exercerent

121 3893 200 3932 anam
219 3879 274 3947 (cp.
293 3877 355 3932 Ter.
375 3875 444 3933 Eun.
463 3875 504 3929 III
526 3882 553 3944 1,
573 3877 626 3945 36).
664 3875 784 3944 denique
807 3873 937 3930 lVossius
957 3873 1049 3929 notari
1075 3874 1188 3944 putanIt
1205 3874 1294 3930 homi·

119 3981 183 4019 uem
202 3982 231 4020 se
249 3965 342 4035 ipsum
362 3967 508 4020 uorautem
527 3962 705 4033 (LXXXVIII
727 3967 762 4031 8).
804 3962 840 4016 ab
860 3961 903 4016 his
923 3962 1115 4031 similibusque
1135 3962 1295 4032 explicandi

120 4054 325 4122 conaminibus,
346 4071 417 4123 quac
436 4053 490 4108 uisi
510 4069 626 4122 operose
646 4069 679 4107 ex
697 4051 790 4106 uerbis
808 4049 944 4121 poematii
965 4050 1126 4119 eliciuntur,
1145 4056 1295 4122 propterea

119 4142 251 4198 abhorret
269 4144 391 4210 animur,
410 4142 485 4211 quod
503 4158 639 4212 perquam
659 4141 776 4212 frigidus
795 4145 839 4196 est
858 4141 936 4195 lusus
953 4138 1107 4196 ‘Mamurra
1121 4140 1293 4209 moechatur,

119 4233 282 4288 moechatur
300 4234 360 4287 eius
379 4229 480 4300 penis’,
505 4247 678 4299 quocumque
702 4231 785 4286 modo
804 4229 1009 4299 intellegimus,
1034 4228 1118 4298 idque
1145 4246 1179 4283 eo
1203 4229 1294 4299 magis

120 4321 194 4390 quod
214 4322 250 4377 ob
269 4338 368 4393 penem
386 4321 543 4374 Mamurrae
561 4319 640 4374 dedit
658 4337 813 4389 cognomen
826 4318 969 4374 Mentulae
984 4317 1111 4372 Catullus
1130 4317 1198 4386 ipse.
1228 4318 1294 4373 binc

119 4411 217 4467 comt)
232 4411 368 4479 praebeat
383 4410 522 4477 ‘metula’,
538 4410 694 4480 suspicatus
709 4428 770 4464 sum
785 4410 874 4466 latere
890 4408 1022 4465 ‘macula’
1040 4408 1099 4464 siue
1111 4408 1293 4477 ‘Moechula’,
