2940 4912
192 327 257 393 522
644 328 773 386 vaulb
792 337 905 387 ιιι-ιν.

193 509 235 560 cp.
256 489 375 559 Vulpius
399 490 464 545 Hor.
488 492 533 546 od.
558 492 569 544 1
593 497 636 560 27,
662 500 693 545 19
717 498 823 561 quanta
846 494 993 548 laborabas
1017 492 1170 565 Charybdi,
1192 494 1365 563 atquepater

192 580 300 634 meliore
317 582 436 647 flammo.
474 580 523 636 sed
543 582 685 650 quodnam
704 585 766 636 erat
783 580 868 651 illud,
887 583 962 652 quod
981 583 1108 638 barathri
1127 599 1195 638 uoce
1213 581 1364 652 indicatur,

191 669 360 738 perieulum,
376 687 447 738 quae
461 670 618 738 pernicies?
647 672 765 725 mortem
783 689 842 726 esse
857 672 957 726 uolunt
970 670 1128 727 Protesilai.
1156 672 1213 728 alio
1227 689 1272 727 ma
1287 672 1366 726 ducit

190 759 494 829 plusquamperfectum
515 760 688 827 ‘detulerat’,
712 760 787 829 quod
806 760 861 815 nisi
879 762 915 815 ad
934 768 1045 832 tempus
1064 760 1170 830 nuptiis
1193 761 1365 831 praecedens

191 866 246 903 non
264 847 361 903 reterri
380 866 461 918 posse
486 849 611 902 uidetur:
635 850 664 903 in
687 853 745 903 tam
765 849 961 904 uehementem
984 851 1130 920 altumque
1148 866 1272 905 amorem
1296 851 1365 906 inci·

190 937 272 991 daras
295 938 356 992 uiso
379 938 500 1007 primum
519 937 675 993 Protesilao
694 939 823 1006 (Theocr.
844 946 873 1007 8,
893 946 926 992 42
946 936 984 1002 ὡς
1002 940 1078 1006 λδεν,
1098 934 1136 1002 ὡς
1154 935 1258 1008 ἐμάνη,
1279 935 1317 1002 ὥς
1335 934 1366 1003 ἐς

191 1022 288 1099 βαθὺν
306 1021 398 1081 άλλετ’
415 1025 529 1095 ἔρωτα),
548 1030 580 1081 ut
598 1026 659 1081 uita
678 1030 763 1096 atque
781 1028 877 1082 anima
897 1027 943 1082 hic
962 1029 1015 1082 tibi
1035 1028 1114 1083 tieret
1131 1028 1234 1096 carior,
1253 1031 1285 1082 tu
1304 1029 1365 1084 sine

190 1116 244 1170 hoc
267 1116 362 1170 uiuere
387 1116 499 1170 omuino
523 1116 662 1185 nequires.
704 1117 757 1171 hoc
780 1121 823 1170 est
845 1115 916 1170 illud
942 1117 1119 1186 barathrum,
1143 1117 1172 1171 in
1199 1117 1275 1185 quod
1300 1133 1365 1172 eam

191 1205 353 1274 abripuerat
375 1221 454 1259 amor
471 1204 585 1259 insanus
604 1205 735 1273 quodque
755 1205 901 1260 absorbuit
919 1223 980 1260 eam
1000 1208 1073 1273 tum,
1097 1224 1159 1261 cum
1184 1206 1278 1262 subito
1298 1207 1365 1263 Pro·

190 1293 306 1348 tesilaus
330 1295 366 1347 ad
385 1292 497 1347 Troiam
522 1295 677 1348 uocabatur
700 1293 745 1363 (cf.
766 1295 801 1349 ad
822 1302 875 1362 Π).
913 1296 1013 1350 iterum
1037 1312 1126 1362 nunc,
1148 1301 1182 1350 ut
1198 1296 1366 1350 Alexandri·

191 1400 289 1445 norum
305 1382 458 1452 discipulus
472 1400 595 1453 gnanus,
615 1387 700 1453 poeta
713 1402 731 1438 a
743 1384 887 1454 proposito
902 1384 1035 1439 aberrans
1051 1385 1177 1439 barathri
1193 1384 1366 1455 depingondi

191 1472 368 1526 occasionem
394 1472 510 1541 adripit:
539 1504 571 1513 —
598 1474 651 1545 69,
674 1473 719 1528 ab.
746 1473 835 1541 quale
862 1474 967 1529 lerunt
992 1473 1065 1529 (irai
1091 1475 1243 1530 Pheneum
1269 1489 1367 1544 prope

191 1560 365 1630 Cylleneum
389 1562 504 1617 siccare
529 1562 644 1617 emulsa
669 1562 780 1632 pingue
804 1562 912 1631 palude
936 1562 1045 1618 solum.
1082 1565 1209 1617 Pheneos
1232 1565 1277 1618 est
1299 1565 1367 1617 urbs

190 1650 330 1704 Arcadiae
357 1652 408 1705 strb
433 1649 546 1720 Cyllene
571 1652 664 1705 moute
688 1650 717 1704 in
741 1649 816 1704 ualle
840 1651 909 1716 sita,
935 1668 1020 1720 quam
1043 1651 1098 1705 iam
1122 1650 1260 1705 Homerus
1283 1651 1316 1706 ll.
1338 1651 1366 1706 Il

193 1746 245 1794 605
259 1757 321 1808 sqq.
341 1743 543 1806 conmemorat3
565 1740 730 1795 ‘Pheneum’
747 1740 866 1794 formam
886 1740 1041 1794 neutralem
1058 1744 1094 1794 ut
1108 1740 1194 1795 habet
1208 1740 1279 1794 Plin.
1295 1741 1324 1795 h.
1337 1758 1366 1797 n.

192 1829 278 1896 lvo,
299 1835 345 1895 10,
369 1830 411 1883 ita
433 1829 478 1884 hio
502 1829 581 1897 sequi
606 1829 718 1884 uidetur
741 1828 876 1883 Catullus.
917 1827 1001 1882 uallis
1025 1830 1119 1882 autam
1144 1827 1194 1882 illa
1217 1846 1281 1883 oum
1305 1833 1365 1884 tam

189 1918 270 1986 aquis
293 1935 326 1972 ex
345 1918 459 1987 Cyllene
485 1919 688 1973 confluentibus
712 1934 796 1987 quam
817 1916 892 1972 Olbii
915 1917 993 1972 tluuii
1015 1915 1197 1971 inundatione
1221 1916 1368 1972 laboraret

190 2008 323 2076 paludum
348 2008 429 2076 copia
451 2007 539 2063 nimia
559 2008 607 2076 (de
625 2009 689 2062 lacu
708 2008 843 2076 quodam,
868 2006 913 2061 cni
936 2009 966 2061 et
987 2005 1042 2075 ipsi
1061 2006 1166 2061 Phenei
1188 2023 1304 2074 nomen,
1328 2008 1365 2062 ct'.

191 2097 291 2152 Herod.
312 2096 350 2150 Vt
370 2102 403 2149 rt
423 2099 453 2150 et
472 2095 551 2151 Ouid.
572 2099 636 2152 met.
657 2096 707 2150 XV
726 2099 805 2161 332),
824 2096 881 2150 iam
899 2095 966 2150 olim
985 2096 1077 2150 fossae
1096 2098 1161 2149 aunt
1179 2094 1285 2163 tactae,
1304 2097 1365 2164 qui·

190 2187 242 2240 bus
261 2185 454 2240 detinerentur
473 2189 587 2254 stagua;
606 2205 675 2255 quas
693 2186 807 2240 Herculi
826 2185 921 2240 deberi
941 2185 1074 2239 adserunt
1092 2184 1213 2240 fabulae.
1244 2183 1365 2241 Pansan.

191 2274 253 2328 Vlll
271 2281 304 2328 14
323 2271 371 2328 διά
390 2272 477 2345 μέσον
496 2275 528 2329 δὲ
545 2272 652 2341 ὤρυξεν
667 2271 805 2343 Ἡρακλῆς
824 2275 873 2328 τοῦ
890 2274 1039 2328 Φενεατῶν
1057 2275 1158 2327 πεδίον
1176 2271 1270 2344 osopo
1290 2272 1365 2329 εἶναι

190 2364 227 2435 τῷ
247 2364 363 2435 ποταμῷ
382 2366 420 2437 τῷ
437 2361 547 2437 Ὀλβίῳ,
565 2360 664 2420 ὅντινα
680 2359 821 2432 Ἀροάνιον
839 2359 976 2431 Ἀρκάδιον
991 2363 1125 2417 καλοῦσιν
1140 2360 1231 2432 ἕτεροι
1245 2363 1295 2418 καλ
1309 2361 1365 2419 osia

184 2450 308 2526 Ὄλβιον,
334 2453 422 2522 μῆκος
445 2453 497 2523 μὲν
521 2454 572 2508 τοῦ
595 2449 756 2523 ὀρύγματος
780 2450 889 2507 στάδιοι
913 2448 1089 2520 πεντήκοντά
1114 2448 1180 2519 εἱσι,
1206 2447 1298 2524 βάθος
1322 2453 1365 2523 δὲ,

120 2536 123 2542 ’
190 2537 258 2596 ὅσον
276 2539 314 2611 μὴ
333 2538 480 2605 πεπτωκὸς
499 2538 574 2597 ἐστιν
593 2538 697 2610 αὐτοῦ,
723 2542 768 2596 καλ
790 2538 819 2604 ἐς
837 2538 990 2610 τριάκοντα
1007 2537 1133 2608 καθήκει
1151 2537 1252 2603 πόδας.
1288 2542 1364 2598 uude

189 2634 384 2701 apparetque
408 2632 467 2686 iure
491 2633 695 2701 comparationi
719 2648 816 2686 ausam
841 2630 950 2684 dederit
973 2629 1093 2683 altitudo
1116 2629 1267 2698 fossarum,
1291 2648 1364 2699 quaa

191 2721 347 2774 ‘barathra’
368 2723 553 2775 uocabantur:
574 2720 675 2776 Strabo
696 2740 722 2790 p.
739 2726 790 2775 389
810 2702 1065 2788 Ἐρατοσθένηςδὲ
1085 2736 1155 2786 φησι
1173 2719 1238 2786 ιτερλ
1253 2717 1363 2774 Φενεὸν

190 2807 242 2879 μὲν
261 2806 310 2864 τὸν
327 2806 416 2864 Ἀνίαν
437 2808 613 2879 καλούμενον
631 2807 759 2880 ποταμὸν
778 2805 922 2879 λιμνάζειν
941 2803 975 2861 τά
995 2803 1048 2875 πρὸ
1068 2807 1116 2875 τῆς
1135 2803 1255 2874 πόλεως,
1275 2827 1362 2863 κατα-

190 2893 313 2952 δάεοδαι
333 2895 361 2952 δ’
383 2901 422 2960 εἷς
441 2920 519 2960 τινας
538 2895 650 2968 ἠθμοάε
675 2894 725 2963 οὓς
749 2904 899 2954 καλεῖσθαι
924 2898 1046 2966 ζέρεδρα
1069 2897 1225 2964 iterumque
1246 2897 1363 2957 Pansam

189 2982 319 3054 1.Ι.ὑφ’
341 2983 464 3058 ἑκατέρῳ
488 2988 520 3042 δέ
542 2985 599 3042 ἐστι
624 2989 661 3057 τῷ
681 2985 742 3057 ὄρει
762 2985 910 3060 βάραθρον
929 2982 959 3041 τό
980 2980 1056 3053 ὕδωρ
1076 2985 1307 3054 καταδεχόμενον
1331 2984 1363 3042 ἐκ

190 3077 241 3128 τοῦ
261 3077 370 3129 πεδίον.
399 3075 434 3130 τά
453 3076 484 3131 δὲ
505 3073 640 3146 βάραθρα
660 3076 689 3131 ολ
707 3081 848 3132 Φενεᾶται
868 3073 957 3131 ταῦτά
977 3093 1064 3144 φασιν
1083 3071 1158 3128 εἷναι
1172 3077 1364 3146 χειροποίητα,

190 3164 306 3231 ποιῆσαι
328 3162 360 3218 δὲ
385 3161 457 3218 αὐτὰ
482 3162 620 3233 Ἠρακλέα
645 3167 721 3233 (uide
744 3169 850 3233 cetera,
878 3167 907 3220 in
933 3164 1033 3234 quihus
1058 3163 1198 3218 diuersam
1225 3183 1243 3218 a
1267 3171 1365 3222 nostra

189 3248 301 3305 tabulae
320 3251 441 3320 speciem
460 3255 568 3324 hahes);
590 3256 625 3309 ef.
645 3258 674 3309 et
694 3256 844 3309 [tuisianus
862 3272 957 3325 geogr.
974 3272 1017 3323 gr.
1031 3252 1057 3306 11
1071 3270 1099 3321 p.
1116 3258 1174 3306 199.
1202 3251 1256 3307 hoc
1275 3254 1364 3323 igitur

189 3341 365 3412 barathrum,
385 3342 432 3396 ubi
452 3344 583 3412 paludem
599 3345 713 3399 emulsit
728 3344 787 3399 siue
802 3345 931 3398 exhausit
945 3342 1141 3409 absorbuitqne
1158 3343 1204 3410 (cl.
1221 3343 1321 3397 Lxxx
1338 3352 1364 3410 8,

190 3432 256 3485 'lac
281 3433 346 3499 Agr.
372 3440 404 3486 31
433 3435 514 3488 silure
542 3452 575 3488 oe
599 3436 751 3504 paladibus
779 3436 944 3504 ernalpendis
967 3449 1000 3487 ex
1023 3431 1218 3487 emendatione
1245 3437 1364 3503 nostra),

190 3520 278 3575 siccat
296 3522 355 3575 siue
373 3522 495 3578 exsiccat
518 3528 661 3593 (praesens
679 3528 773 3579 autem
793 3526 905 3593 tempus
931 3522 965 3576 de
988 3522 1071 3575 read
1095 3536 1174 3573 sunm
1194 3537 1294 3576 aeuom
1314 3521 1364 3576 du-

190 3613 269 3664 rante
289 3610 407 3665 adhibet
424 3615 521 3683 poeta)
540 3613 624 3667 uallis
643 3612 734 3668 solum
754 3613 810 3667 iarn
830 3613 933 3683 pingue
951 3628 984 3665 aa
1003 3609 1109 3673 fertile,
1132 3608 1215 3676 quale
1233 3609 1364 3679 inprimis

191 3706 234 3754 est
257 3704 354 3768 aptum
377 3717 507 3769 agrorum
532 3720 720 3771 pecorumque
744 3703 870 3757 culturae
893 3699 1038 3768 (Vergil.
1059 3696 1123 3751 let
1146 3704 1235 3752 terrae
1259 3701 1364 3768 pingue

189 3789 294 3856 sclusa).
332 3806 397 3842 nam
421 3790 450 3843 in
475 3791 602 3845 ‘siccare'
629 3790 774 3846 uerissime
798 3790 969 3844 Schraderus
992 3785 1112 3841 correxit
1135 3786 1271 3839 traditum
1298 3787 1361 3841 ‘sio-

191 3878 270 3943 curi'‚
290 3878 365 3947 quod
384 3896 467 3933 nemo
486 3879 556 3933 hene
573 3897 656 3934 sanus
670 3882 712 3935 ita
726 3879 859 3935 defendet
872 3884 904 3933 ut
919 3876 1024 3947 ‘quale’
1040 3892 1090 3944 pro
1104 3874 1230 3929 ablatiuo
1245 3876 1363 3939 babeam

189 3983 261 4035 quae
280 3967 370 4021 lorma
392 3973 422 4023 et
440 3969 568 4038 exemplo
592 3975 621 4024 ct
639 3969 841 4039 probabilitate
861 3973 944 4023 caret.
966 3997 996 4005 -
1020 3965 1071 4035 ἰ’1,
1093 3963 1139 4017 ἰ’δ.
1162 3963 1243 4031 quod
1266 3979 1362 4032 quon·

190 4056 257 4111 dam
284 4057 381 4111 caesis
406 4059 518 4113 montis
544 4058 656 4113 fodisse
683 4058 823 4113 medullis
851 4055 936 4112 audit
961 4053 1142 4121 falsiparens
1168 4052 1362 4122 dmphltryo·

190 4146 304 4201 nlatles.
334 4147 442 4215 ‘quod'‚
463 4149 634 4202 barathrum.
665 4147 828 4202 ‘medullae’
848 4146 882 4198 de
902 4146 995 4199 monta
1013 4141 1158 4204 interiore,
1177 4142 1210 4192 ut
1228 4141 1362 4197 similiter

190 4236 342 4290 adnotaute
369 4236 470 4305 Vulpio
493 4237 526 4291 de
551 4237 651 4291 tellure
676 4237 724 4291 Sil.
745 4236 805 4291 ltal.
827 4234 877 4288 x11
898 4239 959 4297 1³o;
985 4229 1063 4284 adice
1085 4228 1162 4281 Grai.
1182 4230 1287 4295 Cyueg.
1308 4236 1361 4285 444

190 4330 322 4392 raptoque
340 4343 353 4377 c
368 4333 475 4392 pectore
493 4329 604 4392 κιοιιλιι,
625 4326 706 4394 Verg.
721 4325 789 4379 Aeli.
808 4324 845 4377 111
866 4327 918 4376 bib
930 4322 1036 4374 uiscera
1054 4316 1164 4378 ιιοιιλίι,
1184 4317 1247 4369 San.
1268 4320 1360 4388 epigr.

191 4418 238 4480 bt,
257 4419 287 4478 b;
310 4414 345 4468 cf.
365 4413 504 4468 Gerberus
527 4414 592 4470 libri
611 4415 653 4469 (δ.
673 4412 796 4484 Sprache
819 4429 844 4466 a
863 4408 968 4464 Kunst'
990 4407 1002 4460 1
1024 4420 1051 4475 p.
1069 4408 1130 4458 ato.
1169 4403 1306 4471 ‘cassin
1330 4412 1363 4463 nt
