2940 4912
178 307 245 371 600
689 306 736 362 CX
755 312 833 363 3-7.

179 468 235 521 hoc
253 467 371 521 uerbum
389 465 431 520 iia
447 468 525 523 utu.
546 471 562 520 ὁ
582 469 626 521 est
644 466 878 535 intellegendum
901 466 936 521 ei.
957 468 986 521 et
1004 467 1067 521 Ter.
1086 467 1172 524 Andr.
1190 468 1202 522 1
1225 475 1255 537 1,
1275 475 1310 525 49
1329 472 1360 526 et

177 563 225 623 523
257 555 427 611 ‘instituere’
453 556 601 625 (incipere,
626 556 661 609 de
685 556 864 610 meretricula
885 558 1033 625 quaestum
1056 555 1226 627 occipiente)
1254 558 1360 614 dicitur

178 644 310 699 similiter
328 648 360 699 ut
375 644 476 698 ‘uitam
490 647 589 714 (genus
604 645 703 713 uitae),
724 645 874 711 rationem¹
894 648 997 711 artem,
1016 644 1077 698 sim.
1096 644 1274 714 instituere'3
1294 648 1357 704 Ter.

178 733 247 787 Eun.
267 733 338 802 prol.
360 739 393 786 19
411 734 454 787 itu
471 738 503 787 at
520 735 611 801 secere
633 735 763 788 instituit.
783 762 816 772 -
840 734 875 804 8,
894 732 923 788 4.
949 734 999 804 tu,
1019 732 1101 801 qued
1118 734 1264 802 promisti
1281 735 1358 791 mlhl

179 822 259 890 qnod
277 822 405 877 mentita
422 821 547 877 lnlmlca
564 836 614 890 εις
633 822 713 889 quod
732 837 787 877 nee
806 821 999 892 diuellere,
1017 822 1109 891 turpe
1128 823 1206 879 tacis
1226 825 1358 882 ischas.

178 915 212 965 tu
230 926 297 966 uero
317 928 374 966 non
397 927 426 965 es
450 911 525 965 bona
548 911 653 979 amica,
677 910 727 966 sed
750 911 843 981 potius
867 914 898 966 et
914 910 1030 966 inimica
1047 914 1078 965 et
1094 911 1177 966 foede
1196 928 1293 983 rapax
1330 915 1361 969 in

180 998 275 1054 uerbis
298 999 455 1054 hexametri
478 998 639 1054 difficilibus
662 1000 765 1069 duplex
789 998 1008 1069 interpungendi
1031 999 1103 1054 ratio
1125 998 1199 1054 inita
1220 1003 1272 1056 cst
1308 1007 1362 1058 aut

181 1088 257 1143 enim
277 1091 342 1143 ente
363 1089 499 1143 ‘inimica’
520 1104 631 1142 comma
649 1090 757 1158 ponunt
777 1089 816 1142 sic
840 1088 1013 1158 explicantes
1033 1088 1121 1157 ‘quod
1146 1088 1176 1143 id
1194 1092 1272 1158 qnod
1290 1090 1362 1147 mihi

183 1175 338 1246 promisisti
358 1178 478 1232 mentita
496 1179 537 1232 es’
559 1181 626 1246 (qua
649 1177 679 1231 in
697 1177 806 1232 ratione
824 1179 937 1247 praeter
960 1178 1117 1231 contortam
1135 1178 1362 1236 conlocationem

179 1264 325 1335 displicet,
345 1266 419 1333 quod
438 1267 491 1321 ‘es’
512 1283 546 1320 ex
564 1267 655 1321 altera
675 1266 800 1320 ‘inimica
818 1267 859 1320 es'
880 1267 967 1321 etiam
985 1265 1023 1319 ad
1042 1265 1185 1322 ‘mentita’
1207 1269 1359 1339 suppletur

181 1354 329 1409 durissime
354 1355 384 1406 et
409 1357 508 1409 contra
533 1353 637 1409 Catulli
662 1357 755 1424 usum)
781 1357 831 1409 aut
857 1355 1011 1425 ‘promisti,
1039 1355 1109 1410 mihi
1135 1355 1212 1425 quod
1237 1357 1362 1415 mentita

180 1442 296 1497 inimica
314 1442 356 1496 ea'
378 1443 554 1514 coniungunt
571 1444 613 1498 ita
630 1445 662 1497 ut
680 1444 737 1498 iam
756 1444 834 1498 notio
849 1442 1013 1515 principalia
1029 1445 1071 1498 ‘tu
1084 1445 1201 1500 inimica
1214 1447 1257 1501 es'
1274 1448 1362 1518 plane

181 1531 331 1586 delitescat
348 1547 417 1601 prae
435 1530 486 1586 illo
505 1532 562 1586 iam
581 1532 658 1587 clato
678 1533 722 1586 ‘tu
747 1532 816 1586 mihi
835 1534 956 1588 mentita
973 1534 1025 1588 es’.
1063 1549 1141 1602 nam,
1160 1535 1194 1588 ut
1211 1536 1361 1605 oppositus

182 1640 209 1675 u.
229 1626 246 1673 4
264 1624 361 1690 aperte
385 1619 522 1688 ostendit,
546 1621 698 1690 requiritur
721 1622 791 1678 hece
811 1623 854 1677 ‘tu
877 1623 989 1690 contra,
1012 1624 1087 1692 quod
1109 1621 1204 1678 animo
1228 1624 1363 1680 mendaci

184 1708 254 1762 mihi
280 1711 392 1763 noctem
422 1727 452 1764 ea
480 1709 620 1781 pollicita,
643 1715 794 1782 propterea
820 1728 850 1765 ea
874 1710 1010 1767 inimica’.
1052 1711 1154 1781 quodsi
1175 1711 1363 1785 intellexeris,

185 1796 327 1851 ‘mentita’
349 1813 409 1852 esse
428 1798 608 1868 participium
628 1801 669 1868 (et
690 1799 845 1854 mentiendi
868 1801 984 1854 uerbum
1006 1800 1142 1855 sollemne
1160 1801 1196 1857 de
1215 1803 1364 1860 amicabus

183 1886 322 1957 promisso
340 1904 396 1941 non
416 1886 567 1941 stantibus:
587 1889 670 1958 Prop.
691 1887 715 1940 ll
737 1895 778 1955 17,
799 1895 813 1942 1
838 1890 950 1944 menuri
972 1895 1088 1958 nedem,
1108 1892 1247 1960 pro-seeo
1264 1893 1364 1950 decen

181 1981 333 2044 umanum,
351 1977 401 2030 hoc
424 1978 476 2030 erit
493 1978 611 2044 infectus
627 1979 765 2047 sanquine
782 1979 879 2033 liubere
900 1995 1013 2045 munus,
1036 1979 1103 2033 Hor.
1122 1979 1205 2049 epist
1225 1980 1238 2033 1
1258 1987 1289 2050 1,
1307 1988 1364 2051 20),

182 2064 240 2119 iam
259 2065 312 2119 hoc
331 2064 407 2120 ultro
426 2065 576 2134 perspicis,
599 2069 658 2120 tam
683 2067 719 2121 ob
741 2066 972 2138 perspicuitatem
996 2067 1084 2123 totius
1102 2083 1200 2123 nerem
1219 2087 1307 2139 quam
1326 2073 1364 2127 ob

181 2152 401 2208 concinnitatem
420 2158 457 2221 (u.
477 2155 504 2221 4)
524 2152 625 2210 melius
643 2156 742 2209 abesse
761 2155 881 2209 alterum
901 2155 1011 2224 ‘quod’.
1040 2155 1115 2211 unde
1134 2156 1159 2213 Y
1178 2159 1362 2228 ‘promisisti'

181 2240 363 2312 praebentem
386 2240 467 2309 sequi
489 2241 584 2311 placet
606 2243 752 2298 scribendo
777 2244 834 2311 ‘tn,
857 2243 1013 2313 promisisti
1036 2244 1107 2298 mihi
1132 2251 1209 2315 quod
1232 2250 1364 2319 mentita,

182 2331 297 2386 inimica
315 2332 373 2387 es’:
392 2331 422 2385 in
442 2330 543 2400 quibus
562 2330 655 2386 uerbis
677 2333 775 2400 ‘quod’
796 2333 945 2387 traiectum
968 2349 1030 2387 esse
1048 2333 1256 2403 significaturus
1274 2336 1364 2393 libra·

182 2420 240 2475 rius
263 2421 379 2490 quidam
403 2420 523 2475 alterum
547 2421 645 2490 ‘quod’
666 2423 732 2476 ante
753 2422 929 2490 ‘promisisti'
956 2439 1043 2491 supra
1065 2440 1176 2478 uersum
1200 2425 1365 2497 adscripsit

182 2511 321 2579 pergitur:
340 2526 423 2580 porro
442 2509 508 2577 quia
526 2528 577 2564 nec
595 2510 762 2579 promissam
781 2514 893 2565 noctem
907 2510 1027 2580 praebes
1046 2513 1192 2568 ettamen
1210 2517 1364 2584 pecuniam

185 2599 331 2667 acceptam
351 2598 457 2664 aufers,
478 2597 598 2652 scelesta
615 2615 654 2653 ee.
693 2597 782 2654 ‘dare‘
803 2602 863 2653 tam
887 2599 915 2653 in
939 2599 1006 2653 uiris
1025 2615 1110 2667 quam
1134 2601 1163 2655 in
1182 2602 1297 2658 feminis
1315 2605 1367 2659 ab·

184 2688 276 2741 solute
301 2687 424 2756 positum
449 2687 533 2755 (unde
557 2693 619 2743 ue
646 2686 729 2741 aliter
754 2687 980 2757 accipe'‘data’)
1003 2688 1140 2758 peculiari
1162 2691 1254 2746 utitur
1276 2693 1365 2764 sigui-

185 2776 328 2830 ficetiono:
356 2774 436 2828 Ouid.
457 2792 481 2828 a.
501 2793 526 2830 a
548 2775 657 2829 111462
680 2778 705 2830 si
723 2776 846 2830 dederint
872 2776 937 2843 (uiri
960 2778 1105 2846 pretium),
1131 2786 1156 2833 et
1181 2797 1232 2836 uos
1255 2785 1366 2854 paedia

180 2870 265 2935 pacta
284 2865 361 2931 doto,
380 2864 472 2933 Priap.
493 2871 536 2931 50,
555 2871 571 2918 1
594 2867 767 2931 [ιιεοείιιιιιια
785 2883 826 2918 me
844 2867 939 2934 puello
958 2867 1030 2920 ladit
1048 2873 1074 2920 et
1093 2885 1142 2922 esec
1159 2869 1210 2923 dui
1226 2872 1298 2926 nebi
1315 2891 1366 2929 esec
1422 2921 1425 2925 .

182 2960 264 3024 nepot
282 2955 419 3009 daturum.
458 2954 553 3008 ‘ferre’
575 2958 669 3008 autem
688 2971 751 3007 cum
777 2960 806 3009 et
825 2954 946 3023 ‘rapere’
967 2956 1061 3010 ualere
1080 2957 1203 3012 nesciret
1220 2959 1364 3030 librarius,

183 3045 212 3098 in
230 3044 255 3099 V
274 3045 410 3113 scriptum
435 3046 479 3097 est
501 3044 560 3097 sine
585 3061 667 3098 sensu
687 3044 748 3096 ‘nec
768 3043 844 3097 lers’.
883 3060 933 3097 nec
953 3044 1045 3098 minus
1068 3044 1142 3100 male
1166 3065 1218 3116 pro
1244 3050 1363 3120 ‘turpe‘‚

186 3135 261 3204 quod
289 3132 481 3186 Froehlichiue
508 3132 629 3196 inuenit,
657 3131 697 3185 ibi
725 3134 802 3185 extat
832 3133 955 3200 ‘saepe':
982 3133 1077 3202 agitur
1105 3136 1305 3192 tautummodo
1329 3137 1366 3194 de

185 3223 329 3276 Aufilenae
349 3222 430 3274 unico
450 3220 479 3273 in
494 3220 635 3273 Catullum
654 3218 772 3285 scelere;
792 3221 822 3271 et
840 3219 910 3272 illud
927 3221 991 3277 ‘iac
1007 3221 1073 3275 iac‘
1093 3223 1137 3290 (cf.
1153 3224 1190 3277 ad
1204 3224 1322 3281 LXXXI
1336 3232 1364 3295 6)

185 3310 304 3379 requirit
323 3308 504 3374 attributum,
530 3310 562 3360 ut
585 3309 675 3361 Plaut„
696 3306 796 3360 Bacch.
817 3309 853 3360 ll'
875 3314 903 3372 4,
923 3315 957 3361 31
981 3312 1095 3375 ticieus
1116 3314 1208 3377 fucere
1230 3320 1288 3369 tun
1306 3334 1364 3371 no·

186 3402 249 3455 lam.
270 3428 302 3438 -
322 3398 351 3452 ὅ.
371 3399 425 3452 aut
444 3398 545 3453 lacere
564 3398 712 3463 ingenuae
731 3397 778 3451 est
804 3398 934 3452 autnon
953 3401 1103 3467 promlaee
1122 3400 1262 3475 pudicae,
1282 3406 1364 3461 lud·

186 3491 273 3559 lena,
293 3487 363 3543 ruis.
392 3503 455 3540 nam
476 3489 533 3553 aut,
552 3487 576 3541 ai
591 3492 719 3541 matrona
732 3485 853 3540 honesta
872 3503 932 3540 esse
953 3488 1068 3542 uoluisti
1086 3506 1138 3544 nec
1156 3493 1272 3547 omnino
1291 3495 1366 3551 inter

188 3579 295 3634 arnicas
309 3577 458 3645 numerari,
472 3575 599 3646 polliceri
615 3593 669 3630 non
683 3575 805 3629 debuisti
821 3578 878 3641 aut,
898 3575 922 3628 si
936 3575 1011 3629 bona
1029 3576 1174 3646 probaque
1192 3582 1287 3636 amica
1304 3599 1365 3639 esse

188 3667 239 3733 uie,
254 3686 272 3721 a
286 3667 414 3736 pollicito
429 3670 502 3720 stare
519 3666 612 3721 debes.
637 3682 701 3718 nam
718 3664 798 3733 ‘ingff
816 3668 859 3716 est
872 3662 931 3718 iere
945 3682 1132 3733 spuonpmum
1145 3669 1222 3724 illius
1237 3670 1366 3739 ‘bonae’,

186 3758 337 3825 designans
357 3773 419 3810 eam
438 3771 511 3824 quae
535 3755 617 3809 tidem
637 3759 731 3807 seruat
751 3753 873 3820 iecitque
890 3752 925 3804 id
949 3754 1023 3820 quod
1042 3754 1135 3810 faeere
1154 3756 1184 3810 in
1208 3776 1238 3813 se
1257 3762 1368 3831 recepit

184 3845 353 3916 (germanice
378 3844 588 3912 ‘anstaendig').
627 3842 741 3897 ‘iacere'
768 3846 862 3895 autem
882 3858 964 3894 sensu
991 3842 1114 3898 obsceno
1141 3861 1198 3899 non
1216 3846 1310 3903 solum
1328 3849 1365 3905 de

183 3937 244 3989 uiro
263 3938 292 3988 et
310 3934 344 3988 de
363 3933 470 3988 duobus
489 3934 648 3987 amantibus
666 3932 788 3999 (Peteon.
807 3932 867 3997 86),
887 3931 936 3984 sed
956 3931 1043 3984 etiam
1062 3933 1097 3986 de
1119 3935 1237 3990 muliere
1256 3937 1364 3994 coitum

184 4027 309 4095 patiente
336 4024 452 4089 dicitur,
480 4025 512 4077 ut
535 4021 615 4076 Ouid.
640 4038 695 4075 am.
719 4022 756 4074 lll
780 4026 809 4084 4,
834 4027 858 4072 l.
897 4020 1076 4088 ‘promisee',
1105 4024 1143 4076 ad
1167 4022 1233 4077 xlv
1258 4032 1301 4080 14,
1331 4058 1365 4068 -

182 4117 213 4185 b,
233 4115 260 4167 i.
280 4113 332 4167 sed
350 4113 420 4167 data
439 4111 594 4180 corripere
615 4109 781 4164 fraudando
800 4107 950 4177 officium,
975 4110 1045 4177 plns
1071 4126 1161 4178 quan
1182 4115 1361 4172 meretricis

183 4216 294 4258 amarae
313 4203 370 4255 est.
407 4203 457 4257 aed
476 4204 623 4271 acceptum
642 4215 741 4253 munus
761 4197 862 4264 (Pluut.
878 4197 978 4251 Pseud.
995 4199 1005 4252 l
1025 4207 1050 4265 3,
1067 4206 1113 4265 7⁴2,
1134 4202 1216 4272 Prep.
1232 4202 1272 4257 111
1289 4212 1365 4271 1⁶·ss

183 4294 234 4346 heu
253 4293 339 4346 nullis
362 4297 444 4360 cupio
463 4291 593 4361 Lycinna
617 4290 690 4342 datis
713 4290 742 4341 et
765 4287 886 4355 saepiusl
912 4288 1052 4356 rapaciter
1075 4290 1199 4359 auferre,
1223 4294 1292 4348 dum
1316 4295 1366 4350 de-

184 4380 255 4447 cipis
278 4382 420 4434 amantem
444 4398 474 4433 re
497 4396 548 4448 pro
566 4377 687 4432 nummis
711 4378 739 4431 iu
763 4382 791 4429 te
816 4386 941 4445 recepte,
966 4377 995 4429 id
1019 4396 1086 4431 uere
1111 4380 1246 4436 conuenit
1268 4387 1366 4439 scorto
