2940 4912
143 333 187 398 56
588 327 872 386 PROLEGOIIENA.

236 501 318 563 VIII.
342 501 395 562 IX.
420 519 527 561 uersus
549 500 725 579 glyconens:

609 623 858 662 LULWLUL

146 703 178 760 et
200 700 425 776 pherecrateus:

627 808 645 840 ,ι
663 803 682 840 ῡ
700 806 718 840 Δ
734 812 772 840 w
789 806 806 840 L
824 802 844 839 ῦ

149 916 222 973 quos
248 898 391 971 utrosque
419 892 512 952 habes
536 891 662 951 XXXIV
687 897 718 953 et
741 891 821 966 LXI,
849 895 880 952 et
906 893 950 950 116
977 892 1096 969 quidem
1124 895 1159 952 ut
1185 892 1324 969 glyconei

147 993 274 1053 XXXIV
298 995 331 1068 2,
360 990 546 1068 pherecratei
568 990 640 1050 ibid.
669 993 737 1052 64
762 1010 815 1066 666
843 991 958 1067 primus
987 1009 1023 1050 ex
1050 990 1164 1067 iambo,
1190 991 1323 1067 itemque

149 1091 338 1168 pherecratei
356 1108 409 1166 pes
428 1088 544 1164 primus
564 1087 632 1146 LXI
654 1091 716 1149 198
736 1090 849 1148 61228
874 1107 910 1148 ex
931 1089 1062 1164 spondeo
1081 1092 1198 1149 constet
1216 1081 1325 1168 (semel

147 1193 306 1267 praeterea
328 1188 417 1247 huius
440 1188 578 1264 dactylus
597 1207 633 1247 ex
653 1186 783 1264 spondeo
802 1185 873 1248 ibid.
893 1187 949 1260 25,
972 1186 1024 1245 ubi
1042 1188 1079 1247 cf.
1097 1180 1227 1268 comm).
1259 1187 1323 1246 iun-

148 1291 263 1365 guntur
287 1287 317 1346 hi
344 1286 401 1345 duo
428 1305 534 1345 uersus
558 1286 732 1362 systematis
755 1277 829 1344 κατὰ
851 1277 1018 1360 συνάφειαν
1042 1276 1135 1366 (unde
1158 1283 1324 1361 explicatur

149 1387 182 1446 in
204 1385 262 1445 fine
285 1404 428 1443 uersuum
448 1383 630 1460 synaloephe
650 1382 776 1442 XXXIV
798 1386 838 1443 11
864 1383 1042 1459 saepiusque
1064 1383 1096 1441 in
1114 1381 1182 1442 LXI
1205 1375 1323 1464 obuia)3

150 1488 180 1543 et
203 1483 235 1541 in
258 1480 386 1541 XXXIV
410 1481 530 1558 quidem
554 1481 664 1559 tribus,
692 1481 724 1539 in
747 1479 815 1539 LXI
844 1483 946 1539 autem
974 1483 1104 1557 quatuor
1130 1473 1236 1553 6611666
1258 1481 1325 1557 gly-

150 1581 249 1641 coneis
273 1579 389 1640 accedit
410 1599 503 1639 unum
521 1579 763 1656 pherecrateum3
786 1598 855 1637 nam
875 1578 1057 1639 Lachmanni
1076 1571 1221 1658 (6661.
1241 1575 1325 1638 Sohr.

151 1701 180 1756 p.
199 1671 257 1758 88)
282 1678 395 1756 661616,
423 1696 483 1753 qua
506 1677 537 1736 in
560 1697 584 1738 6.
603 1675 672 1735 LXI
696 1676 838 1752 strophae
861 1677 922 1736 sint
944 1676 1126 1752 compositae
1150 1695 1186 1735 ex
1208 1674 1325 1736 duobus

152 1777 325 1854 systematis
349 1780 504 1836 ternorum
522 1776 721 1853 binorumque
740 1793 895 1853 uersuum,
917 1794 989 1835 sane
1007 1774 1096 1834 nimis
1116 1777 1147 1835 et
1165 1773 1327 1836 artificiosa

150 1895 246 1953 neque
271 1894 342 1934 uero
365 1874 536 1934 necessaria
559 1878 619 1949 est,
643 1876 668 1934 si
692 1878 789 1933 artem
812 1873 947 1932 criticam
969 1876 1050 1933 reote
1072 1872 1259 1932 adhibemus.

239 1974 275 2032 X.
299 1992 405 2032 uersus
424 1972 570 2047 Priapeue
593 1973 774 2049 compositus
792 1964 899 2043 κώλοις
917 1971 1063 2047 glyconeo
1081 1973 1113 2030 et
1131 1970 1327 2045 pherecrateo

151 2065 224 2132 κατὰ
239 2064 407 2146 συνάφειαι)
420 2062 641 2147 (synaloephen
660 2071 691 2129 in
708 2069 852 2129 incisione
872 2069 965 2129 habes
980 2067 1067 2128 XVII
1081 2070 1111 2146 4,
1127 2071 1178 2142 11,
1193 2070 1245 2143 24,
1260 2063 1327 2150 26),

154 2171 206 2246 qui
229 2167 379 2245 reperitur
400 2165 489 2226 XVII
513 2171 544 2227 et
566 2169 672 2245 fragm.
696 2166 757 2242 III,
780 2166 836 2227 IV:

488 2276 990 2346 noawcurlronwao

240 2391 292 2451 XI.
316 2409 422 2451 uersus
446 2390 652 2467 asclepiadeus
676 2390 772 2450 maior
795 2385 919 2466 [XXX]:

471 2499 1008 2569 μινυιΙιυυιῇιυυλυᾏ

152 2608 290 2683 Sapphus
317 2606 486 2665 imitatione
515 2605 655 2683 quoniam
684 2603 821 2664 Catullus
853 2603 909 2662 hoc
936 2607 1065 2662 metrum
1096 2603 1236 2678 nouauit,
1263 2623 1330 2680 per·

152 2703 348 2782 probabiliter
376 2703 585 2762 Lachmannus
609 2700 664 2777 [kl.
688 2702 760 2778 phil.
784 2701 866 2762 Schr.
899 2721 927 2777 p.
948 2697 1004 2777 95]
1033 2700 1167 2761 eiusdem
1194 2704 1330 2781 exemplo

153 2798 329 2883 (Hephaest.
350 2820 378 2876 p.
400 2802 471 2877 114,
497 2793 576 2880 119)
601 2801 740 2859 binorum
763 2818 905 2859 uersuum
929 2798 1069 2875 strophas
1092 2798 1198 2860 6616666
1220 2803 1331 2862 statuit

153 2902 184 2960 in
207 2901 337 2958 carmine
357 2897 482 2970 Catulli,
502 2898 603 2975 quiin
622 2915 711 2956 uersu
730 2896 896 2956 difficiliore
916 2897 1067 2957 interdum
1086 2890 1131 2978 (4,
1151 2899 1180 2975 8,
1200 2901 1251 2975 11,
1273 2891 1330 2978 12)

154 2998 327 3056 incisionem
357 2998 388 3056 61
416 2997 546 3071 priorem
574 3000 606 3055 61
632 2994 759 3054 alteram
786 3013 845 3053 non
873 2995 904 3054 iu
933 2994 992 3054 fine
1019 2995 1158 3056 uocabuli
1185 2994 1250 3055 fleri
1279 2997 1330 3056 ad-

155 3094 305 3154 mittebat

244 3200 312 3260 XII.
337 3201 460 3276 strophe
479 3199 627 3275 Sapphica
651 3195 719 3276 [XI,
738 3197 791 3277 Ll]
817 3200 984 3276 composita
1001 3193 1075 3260 κατὰ
1094 3193 1261 3278 occupatas
1279 3193 1332 3283 (cf.

156 3299 200 3361 XI
225 3304 275 3376 11,
301 3302 352 3377 19,
376 3291 432 3379 22)
458 3318 493 3358 ex
515 3302 563 3357 ter
585 3297 712 3373 repetito
737 3317 825 3358 uersu
851 3299 997 3377 Sapphico
1020 3298 1271 3377 hendecasyllabo

565 3423 922 3462 ιυιὲέιυυιυιῡ

155 3537 222 3578 666
246 3516 386 3576 adiuncto
410 3533 500 3574 uersu
524 3513 631 3573 adonio
654 3535 671 3566 a
684 3534 751 3566 wc
766 3530 791 3569 ῡ.
839 3515 1012 3574 trochaeum
1039 3514 1070 3572 in
1099 3514 1229 3574 secundo
1256 3516 1333 3592 pede

156 3615 250 3673 habes
277 3612 320 3671 XI
345 3614 377 3688 6,
404 3613 457 3686 15,
481 3610 521 3671 LI
547 3614 596 3671 13.
643 3631 768 3672 caesura
796 3613 974 3688 plerumque
1003 3613 1073 3687 post
1094 3612 1216 3672 tertiam
1241 3614 1334 3688 amin,

156 3712 308 3772 interdum
331 3711 394 3770 siue
419 3710 579 3769 secundam
603 3710 666 3769 siue
689 3714 827 3786 quartam
852 3702 959 3791 (etiam
982 3714 1127 3786 utrasque
1151 3702 1268 3793 simul).

246 3817 330 3877 XIII.
353 3835 459 3876 uersus
483 3816 664 3892 galliambus
684 3813 811 3892 [LXIII]
836 3836 872 3875 ex
896 3815 1164 3877 Alexandrinorum
1187 3815 1332 3899 (fortasse

160 3906 350 3994 Callimachi)
375 3913 541 3973 imitatione
566 3916 700 3974 excultus
723 3918 783 3987 τοῖς
807 3911 970 3993 proripere:

486 4024 1003 4092 ωιυιυιιῇῡῦιυύυυέ

159 4132 188 4188 16
204 4130 402 4206 prioreparte
418 4129 547 4188 soluitur
560 4130 710 4188 interdum
730 4134 760 4189 et
774 4130 871 4206 prima
884 4129 961 4188 arsis
977 4119 1026 4209 (ut
1044 4129 1331 4206 proceleusmaticus

160 4223 283 4304 666661)
307 4229 338 4286 61
361 4226 490 4287 secunda
519 4221 568 4305 (ut
595 4224 793 4307 tribrachys),
819 4247 914 4303 neque
942 4231 1043 4286 tamon
1072 4231 1202 4304 utraque
1232 4229 1334 4306 simul,

159 4347 196 4385 ne
221 4327 334 4385 scilicet
357 4325 587 4384 intolerabiliter
610 4326 798 4385 cumulentur
821 4327 928 4384 breues
953 4325 1097 4400 syllabae.
1144 4326 1182 4385 ob
1206 4328 1335 4388 eandem

161 4442 284 4484 oausam
310 4442 472 4500 numquam
500 4424 597 4498 prima
619 4423 743 4482 alterius
767 4425 861 4500 partis
889 4423 966 4484 arsis
990 4423 1182 4502 distrahitur,
1209 4425 1242 4485 in
1263 4425 1335 4487 sede
