2940 4912
186 300 250 370 588
455 358 467 369 .
632 307 748 362 cs-s.
786 307 912 376 011‚s.

185 466 312 536 probata,
331 467 466 536 spectata,
485 468 517 522 ut
535 484 576 522 ex.
596 486 636 537 gr.
653 468 733 538 Prop.
752 468 765 521 Ι
786 474 827 536 11,
847 473 894 536 11;
914 486 969 537 quo
984 471 1100 539 accepto
1115 467 1246 525 Colucius
1261 471 1364 542 ‘exigit

186 554 262 621 hoo',
281 555 413 609 Fraterus
434 556 491 610 ‘est
508 555 618 626 igitur',
637 555 830 612 Froehliehius
851 558 906 612 ‘ast
924 557 1032 628 signis’,
1052 557 1230 612 HARochius
1248 559 1363 615 ‘eximia

185 643 250 710 est‘‚
270 659 322 712 ego
343 644 466 715 ‘egregie
485 646 539 700 est'
561 645 738 702 coniecimus.
777 649 808 702 ut
826 645 917 701 multa
936 645 1094 717 nuperrime
1113 645 1222 716 inepta,
1247 648 1289 704 sio
1307 649 1362 705 hoc

185 732 248 788 loeo
266 734 443 803 praeplacuit
461 734 573 791 cuidam
594 735 730 806 ‘perlecta
747 753 781 790 ex
796 736 861 805 igue
875 736 941 805 est',
961 753 1024 790 cum
1037 737 1133 790 tamen
1147 735 1237 792 latina
1251 736 1363 793 meatur

186 820 257 891 ‘igni
268 823 434 892 spectatus’.
457 840 509 880 uec
524 843 597 880 nuuc
612 826 687 894 quod
701 825 816 895 propius
830 824 948 881 accedat
963 825 999 879 ad
1013 825 1124 880 litteras
1139 826 1260 882 traditas
1269 826 1362 882 habeo

184 927 268 980 quam
292 913 367 981 quod
390 911 458 968 olim
478 913 618 984 proposui.
656 917 778 970 ceterum
794 913 920 970 Muretus
940 915 1012 970 ‘crat
1031 916 1060 968 et
1078 913 1136 969 alia
1153 913 1238 969 ratio’
1259 914 1362 984 iuquit,

186 1000 246 1056 ‘eur
265 999 379 1066 Quintio
402 1002 495 1058 lauare
519 1020 574 1058 nou
597 1005 701 1074 posset.
739 1004 854 1059 amabat
877 1003 950 1057 euim
969 1004 1030 1074 ipse
1049 1020 1161 1073 quoque
1179 1002 1361 1059 Aufilenam’.

186 1122 219 1132 -
240 1091 267 1147 7.
287 1106 354 1147 oum
380 1106 492 1149 uesaua
509 1106 591 1148 meas
610 1093 746 1148 torreret
764 1093 884 1148 damma
902 1092 1061 1150 medullas.
1099 1109 1153 1162 quo
1171 1095 1301 1164 tempore
1320 1093 1362 1148 iu·

184 1180 286 1250 dignae
319 1181 439 1236 feminae
472 1183 633 1237 aestuabam
668 1198 770 1237 amore.
818 1182 869 1236 VII
904 1189 936 1237 10
968 1198 1070 1237 asceam
1098 1181 1222 1248 Catullo3
1255 1182 1291 1237 ci.
1325 1183 1362 1238 ad

184 1266 316 1324 vaulb
340 1277 372 1324 12
396 1274 426 1324 et
449 1271 552 1325 XXXV
578 1277 619 1325 15.
662 1273 789 1342 spectare
817 1273 887 1327 haec
914 1272 1001 1326 uerba
1028 1272 1065 1326 ad
1087 1270 1205 1327 Lesbiae
1227 1287 1361 1339 amorem,

184 1360 258 1415 ultro
286 1362 366 1429 patet
393 1359 485 1430 poesis
508 1359 684 1416 Catulliauae
712 1362 821 1430 gnaris5
849 1378 939 1430 neque
962 1361 1116 1430 quidquam
1139 1360 1216 1414 omui
1240 1377 1259 1414 a
1281 1365 1362 1430 parts

185 1448 282 1503 falsius
302 1451 380 1503 extat
399 1448 539 1504 Schwabii
558 1467 584 1518 q.
600 1450 629 1506 C.
644 1468 671 1520 p.
689 1456 739 1504 142
760 1469 799 1520 sq.
817 1451 956 1520 opinions,
971 1451 1020 1519 qui
1034 1448 1246 1507 adulescentulo
1260 1452 1362 1520 poetae

184 1537 317 1604 (noudum
343 1537 457 1606 cognita
480 1536 591 1606 Lesbia)
609 1539 755 1594 Aufileuae
778 1556 901 1595 amorem
925 1541 954 1594 et
975 1540 1050 1594 huuc
1072 1536 1227 1594 carminum
1251 1538 1361 1608 cyclum

186 1624 326 1680 attribuit.
372 1625 409 1681 ad
423 1618 525 1681 ¹LVllI
552 1626 623 1695 dixi,
653 1627 779 1682 Caelium
806 1629 911 1683 Boium
940 1626 1055 1683 Clodiae
1083 1627 1227 1682 inimicum
1255 1627 1362 1683 lautum

184 1715 387 1785 redintegrasse
415 1733 479 1771 oum
508 1717 628 1787 pristino
653 1718 743 1773 amieo
767 1716 878 1772 Catullo
901 1717 1136 1773 familiaritatem:
1164 1715 1241 1771 illius
1270 1719 1299 1772 et
1326 1717 1362 1772 de

184 1803 303 1858 Lesbiae
322 1805 446 1860 moribus
459 1809 615 1875 naturaque
630 1805 750 1862 amicum
766 1807 892 1861 docentis
906 1809 936 1862 et
949 1805 1174 1862 adlocutiouibus
1188 1805 1361 1861 consolantis

185 1908 272 1962 opera
290 1893 421 1949 effectum
439 1897 517 1964 puto,
536 1898 569 1950 ut
582 1895 709 1950 Catullus
729 1912 839 1950 omnem
859 1894 983 1950 mulieris
1002 1895 1083 1950 istius
1101 1910 1226 1950 amorem
1244 1895 1361 1951 tandm

185 1998 219 2035 ex
233 1982 325 2038 auimo
341 1982 500 2053 extirparet.
512 2015 544 2024 -
556 1984 584 2040 8.
603 1984 646 2040 sis
661 1984 749 2057 felix,
765 1984 860 2054 duell,
875 1984 918 2039 sls
933 1984 965 2039 iu
975 1997 1077 2039 umore
1087 1983 1208 2053 potens.
1232 1987 1263 2037 tu
1272 1983 1362 2054 igitur

183 2072 215 2124 ut
230 2087 312 2126 cursu
326 2072 354 2125 in
365 2087 458 2125 amoro
469 2074 517 2125 tuo
527 2072 614 2126 utaris
626 2072 757 2139 secundo,
766 2071 827 2126 iure
837 2074 912 2141 opto.
939 2071 1073 2141 ‘potens'‚
1084 2072 1142 2126 scil.
1154 2073 1214 2127 uoti
1225 2074 1269 2142 (ut
1279 2072 1361 2128 Ouid

183 2160 249 2212 mat.
266 2159 330 2212 Vlll
344 2165 415 2229 toa),
431 2161 505 2230 quod
519 2161 658 2215 interdum
674 2160 768 2216 omitti
784 2161 866 2229 solet,
880 2163 912 2216 ut
927 2160 1007 2217 Ouid.
1019 2163 1084 2215 met.
1097 2161 1135 2215 ΙΙΙ
1145 2166 1198 2216 til
1209 2164 1239 2216 ot
1249 2162 1288 2216 lv
1298 2167 1361 2230 326,

184 2246 266 2316 Prop.
278 2248 355 2318 1126,
366 2255 401 2303 22
411 2255 436 2305 et
445 2255 503 2305 totu
512 2251 591 2320 dicar
600 2251 631 2304 in
641 2251 707 2305 arbe
715 2248 964 2319 potens(cl.et'l'ib.
975 2248 1059 2318 1239
1065 2268 1092 2319 p.
1103 2255 1136 2304 27
1147 2250 1214 2306 edit
1226 2253 1359 2320 nostrae).

747 2404 798 2460 01.

255 2517 289 2588 1,
312 2519 341 2573 a.
365 2518 477 2573 llultus
500 2531 556 2587 per
579 2518 685 2586 gentes
708 2518 740 2572 et
762 2517 859 2599 multp
880 2520 937 2588 pei·
961 2530 1093 2586 aequora
1111 2517 1217 2573 uectus
1231 2517 1361 2574 aduenio

187 2607 243 2661 has
261 2606 400 2675 miseras,
420 2608 530 2677 irater,
550 2606 586 2662 ad
605 2606 744 2662 intortas.
781 2607 817 2661 ad
836 2604 931 2661 fratris
950 2605 1086 2661 carissimi
1105 2605 1172 2660 olim
1190 2607 1266 2660 circa
1283 2624 1309 2660 a.
1327 2614 1361 2662 60

185 2694 215 2748 iu
240 2694 359 2749 Troadis
383 2697 577 2766 promunturio
596 2697 721 2751 Rhoeteo
744 2696 848 2750 mortui
867 2695 1029 2765 eonditique
1048 2693 1133 2764 (va
1154 2697 1181 2764 2)
1201 2697 1361 2765 sepulcrum

187 2801 249 2839 cum
273 2785 396 2840 uenisset
419 2789 503 2855 posta
526 2802 550 2840 a.
576 2792 609 2840 57
633 2802 696 2840 cum
717 2783 848 2839 Memmio
872 2784 902 2837 in
921 2784 1082 2854 Bithyniam
1100 2783 1244 2855 profectus
1263 2786 1362 2856 (supra

183 2893 210 2944 p.
235 2875 295 2943 36),
327 2873 401 2928 iusta
434 2875 476 2928 illi
508 2874 671 2944 persoluens
700 2873 812 2927 nomina
840 2872 965 2928 familiae
993 2872 1046 2928 hoc
1074 2889 1186 2928 carmen
1214 2878 1361 2945 tamquam

183 2964 360 3034 epitaphium
385 2962 534 3017 dedicauit.
577 2962 683 3017 uenisse
708 2961 791 3016 modo
815 2978 847 3017 ex
871 2960 955 3015 Italia
978 2963 1105 3029 poetam,
1134 2963 1230 3030 aperte
1253 2962 1362 3018 iudicat

184 3054 336 3108 multorum
361 3070 511 3122 aequorum
536 3052 641 3107 mentio
666 3055 761 3122 (quae,
786 3051 809 3105 si
834 3068 867 3106 ex
893 3050 1026 3120 Bithynia
1053 3049 1164 3106 redieus
1185 3051 1214 3104 iu
1237 3051 1361 3121 patriam

186 3159 209 3197 s.
231 3149 264 3196 56
289 3144 339 3197 hos
363 3159 459 3197 uersus
484 3142 653 3212 scripsisset,
679 3140 768 3195 multo
792 3140 884 3194 minus
903 3141 978 3194 esset
995 3140 1234 3207 adcommodata):
1261 3138 1361 3196 itinere

185 3231 273 3302 igitur
291 3231 416 3285 terrestri
436 3247 486 3299 per
504 3230 637 3285 Graeciae
656 3233 764 3299 partem
790 3229 914 3297 aliquam
932 3228 1007 3282 laeto
1026 3228 1133 3298 (‘1u.p.
1152 3229 1277 3298 geutes’)
1295 3229 1362 3283 hiuc

184 3318 332 3372 Memmius
357 3337 419 3373 cum
447 3320 561 3375 cohorte
586 3321 668 3389 plaue
688 3321 719 3373 ut
737 3317 813 3373 Attis
832 3334 913 3386 saper
932 3318 991 3371 alta
1008 3322 1101 3371 ucetia
1119 3361 1126 3374 .
1147 3361 1153 3372 .
1173 3319 1265 3373 moria
1282 3317 1362 3373 uouit

186 3407 215 3462 iu
230 3407 390 3478 Phrygiam,
410 3409 456 3463 eui
470 3408 604 3478 Bithynia
619 3410 679 3463 erat
695 3407 832 3477 proxime.
861 3408 890 3461 et
903 3405 1036 3476 gaudiam
1049 3405 1120 3473 eius,
1139 3406 1188 3476 qui
1202 3409 1246 3462 tot
1258 3405 1361 3462 labori-

182 3497 235 3552 bus
255 3497 393 3566 supsratis
411 3499 525 3553 taudem
547 3515 580 3553 so
596 3515 651 3567 quo
666 3515 742 3552 mens
758 3497 922 3564 animusque
936 3493 1058 3549 tetendit
1071 3496 1209 3565 peruenit,
1229 3496 1363 3566 exprimit

186 3586 257 3641 illud
283 3587 394 3642 ‘multa’
420 3589 448 3642 in
474 3589 617 3656 utriusque
637 3584 808 3642 hemistichii
827 3584 919 3654 capite
938 3582 1062 3654 positum
1082 3584 1128 3652 (ct.
1149 3583 1249 3639 XCVII
1267 3591 1283 3638 3
1302 3586 1361 3640 nilo

187 3720 193 3730 .
214 3721 219 3731 .
239 3679 388 3748 nihiloque,
411 3677 497 3732 LXIV
517 3686 551 3733 26
570 3696 689 3748 quaeque
708 3720 714 3731 .
735 3719 739 3729 .
760 3691 888 3745 qumque,
909 3672 945 3728 ad
964 3689 1036 3741 quae
1055 3672 1244 3729 CPSchulaius
1264 3672 1311 3728 ‘ds
1331 3674 1362 3729 C.

186 3766 232 3818 Gr.
252 3766 335 3820 imit’
357 3786 384 3837 p.
405 3774 438 3823 38
459 3787 500 3839 cp.
517 3769 631 3824 Theoer.
650 3775 673 3835 1,
689 3774 736 3832 653
757 3772 782 3833 t,
797 3771 844 3831 603
866 3769 906 3829 11,
921 3769 968 3829 63;
989 3767 1031 3829 1⁶,
1046 3767 1094 3830 823
1113 3769 1157 3831 21,
1171 3765 1207 3832 2).
1245 3763 1361 3818 Seruius

186 3854 222 3908 ad
246 3857 313 3910 Aen.
339 3856 360 3909 X
387 3864 438 3912 519
467 3860 585 3925 inseriae
614 3863 679 3913 sust
706 3872 787 3910 sacra
809 3859 977 3909 monueram
999 3853 1035 3906 ab
1058 3848 1281 3919 inserie'do'ctac3
1310 3849 1362 3906 alii

186 3943 289 3998 rectius
304 3946 341 4000 ab
357 3946 480 4001 ‘inferre’
497 3947 541 4016 (ol.
559 3948 640 4016 Vsrg.
653 3950 721 4001 Aen.
732 3944 770 3997 ΙΙΙ
785 3945 831 4013 at)
844 3941 979 3996 deriuant.
1004 3956 1075 4008 quae
1091 3957 1141 3995 cur
1154 3939 1200 3996 hio
1215 3938 1359 3995 ‘miserae‘

186 4037 328 4100 uocantur,
348 4052 403 4089 uon
421 4034 463 4090 ita
482 4039 608 4105 apparet,
628 4034 765 4104 siquidem
786 4031 892 4086 ‘miser’
913 4047 968 4084 uon
988 4031 1033 4083 eat
1046 4028 1120 4084 idem
1135 4031 1221 4098 atque
1237 4028 1361 4097 ‘tristis’,

187 4122 235 4189 sed
259 4122 288 4176 iu
312 4140 346 4178 su
368 4141 397 4177 re
421 4126 533 4195 ponitur
557 4142 628 4194 quae
652 4124 688 4179 ob
712 4105 789 4177 suam
813 4119 902 4191 ipsius
925 4117 1117 4173 condicionem
1141 4117 1362 4174 misericordiam

187 4215 290 4267 mouet.
319 4213 474 4269 rectissimo
489 4214 575 4285 igitur
590 4231 673 4269 sensu
687 4210 869 4268 Marklandus
884 4207 1102 4281 [Hermathenas
1116 4205 1170 4259 uol.
1186 4203 1238 4256 Vll
1253 4224 1280 4276 p.
1298 4208 1362 4276 154]

189 4301 288 4356 ‘seras’
306 4302 432 4369 coniecit.
462 4306 510 4359 sed
527 4304 583 4359 alio
599 4305 699 4358 ducere
714 4302 825 4356 uidetur
839 4297 954 4354 alterius
965 4291 1138 4349 difficultatis
1147 4293 1362 4363 contemplatio.

187 4405 243 4443 non
271 4391 362 4446 miuus
386 4392 460 4448 euim
485 4396 559 4449 recte
585 4393 717 4448 Astatiae
740 4388 881 4459 flagitauit
904 4383 1035 4439 ‘aduenit
1077 4380 1145 4435 lieet
1166 4379 1239 4434 illud
1264 4383 1310 4439 ‘ut
1333 4387 1362 4440 ta
