2940 4912
572 333 662 389 nxur
680 340 793 391 're-rr.
1204 332 1269 396 355

96 493 227 564 precibus
245 493 401 563 inploraret
418 510 515 549 eorum
533 510 631 564 opem:
650 510 723 549 nunc
741 492 791 548 ille
809 492 1074 567 soliloquiolseoum
1093 507 1180 560 agens
1198 492 1269 547 nihil

96 582 173 652 quod
191 583 335 638 uniuersos
354 582 422 638 deos
445 586 575 653 tangeret
598 583 730 654 protulit;
756 585 786 637 et
810 581 895 637 alieni
921 581 988 635 sunt
1010 580 1066 635 loci
1088 578 1207 636 XXXVI
1227 588 1269 650 10,

96 670 186 726 LXIV
202 676 350 726 130-133.
379 689 463 728 33333
478 672 554 730 Galli
567 671 771 742 paenitentiam
784 671 942 726 indicantes
959 673 992 724 ut
1011 669 1146 724 adunam
1160 670 1269 726 Rheam

96 760 252 830 pertinent,
269 759 311 814 in
329 759 364 814 ab
384 761 438 815 hac
458 761 518 815 3313
536 761 564 815 13
584 761 634 817 lda
652 761 763 817 scilicet
778 761 909 814 uersante
928 758 1019 815 audiri
1037 761 1167 829 possunt:
1186 753 1269 814 huius

97 849 224 904 animum
239 848 397 902 accendunt
410 848 439 902 in
449 848 505 902 iras
520 863 691 917 saeuamque
705 865 813 919 poenae
828 848 978 903 sumendae
993 846 1171 902 desiderium.
1201 847 1270 901 bene

96 938 184 1009 igitur
197 937 378 991 Ahlwardtus
395 937 515 991 ‘matris‘
536 953 587 1006 pro
603 937 753 1007 ‘geminas’
774 938 910 1008 reposuit:
932 938 1033 992 ‘mater
1051 935 1178 991 decrum’
1194 934 1270 990 simi-

96 1026 198 1083 literue
217 1026 313 1081 uocari
332 1025 454 1095 Cybelen
472 1042 557 1096 supra
575 1028 611 1081 ad
630 1045 657 1081 3.
677 1032 693 1081 3
712 1026 843 1082 uidimus.
878 1022 944 1082 uam
962 1025 1157 1081 Iachmannus
1176 1023 1270 1096 potius

96 1115 161 1171 loco
184 1115 262 1169 illius
286 1114 423 1169 ‘deorum’
450 1131 587 1185 reponens
607 1115 728 1170 ‘matris’
753 1117 784 1170 et
801 1119 922 1170 metrum
942 1114 1067 1185 corrupit
1083 1131 1136 1170 333
1162 1115 1272 1169 curauit

98 1203 296 1258 difficultatem
314 1202 344 1256 in
363 1202 426 1271 1333
449 1219 518 1265 3333
538 1203 688 1273 ‘geminas’
709 1204 839 1274 positam.
876 1204 989 1260 unicum
1009 1205 1116 1273 331333,
1134 1203 1183 1273 qui
1201 1199 1272 1257 mihi

98 1293 187 1348 restat
203 1292 233 1346 in
251 1291 358 1361 duplici
381 1289 513 1361 genetiuo
538 1292 649 1347 ‘matris
668 1293 806 1360 deorum’,
825 1294 986 1363 scrupulum
1012 1295 1053 1349 sio
1076 1310 1222 1362 remoneo,
1240 1294 1273 1348 31

101 1380 184 1436 ‘adiit
201 1383 321 1435 matrem
341 1381 465 1448 deorum,
484 1381 532 1435 ad'
554 1381 704 1437 rescribam
724 1382 769 1452 (cf.
790 1382 853 1437 Silii
871 1382 889 1437 1.
906 1382 949 1452 1.);
969 1385 998 1438 31
1015 1383 1108 1453 ipsum
1127 1383 1269 1438 ‘matrem’

98 1470 201 1526 litteris
226 1469 308 1524 ‘mat’
334 1485 418 1539 snpra
439 1468 543 1524 lineam
567 1470 678 1541 scriptis
701 1487 786 1527 33333
809 1472 934 1528 extitisse
958 1471 1070 1527 uidetur
1089 1472 1272 1542 corruptelae.

98 1575 164 1613 nam
182 1558 219 1613 ad
238 1557 337 1613 ‘auris'
361 1558 495 1628 facillime
519 1559 764 1630 subintellegimus
788 1559 881 1615 ‘eius'.
918 1561 955 1615 ad
975 1561 1083 1629 ‘noua’‚
1106 1561 1134 1614 h.
1154 1578 1177 1616 e.
1196 1560 1272 1615 inex-
1296 1587 1300 1603 ·

99 1648 213 1716 3331313
231 1649 261 1701 31
277 1646 407 1702 inaudita
425 1647 566 1716 (nimirum
584 1649 721 1704 famulum
740 1648 873 1705 reluctari
891 1649 960 1705 deae
973 1648 1139 1719 famulicio),
1158 1649 1193 1704 cf.
1209 1649 1272 1705 Ter.

99 1734 210 1790 Phorm.
229 1734 255 1788 V
274 1741 299 1802 7,
319 1741 353 1791 73
376 1753 449 1794 aereo
472 1739 551 1793 modo
574 1737 1050 1808 31133313314103333133
1072 1737 1167 1807 ibique
1186 1739 1272 1793 inter·

100 1828 201 1896 protes.
239 1825 392 1880 ‘nuntium'
412 1827 632 1895 snbstantiuum,
654 1829 729 1897 quod
748 1826 857 1882 Nonius
875 1845 901 1897 p.
921 1833 982 1896 311,
1001 1834 1018 1883 3
1037 1826 1108 1882 dicit
1125 1827 1202 1896 aprcd
1220 1828 1272 1882 oli·

100 1931 166 1986 quos
183 1931 240 1971 noa
256 1921 378 1985 saeptae
400 1918 576 1972 auctoritatis
598 1918 695 1972 tectam
713 1933 780 1983 esse,
805 1918 852 1972 scd
874 1918 965 1973 1133133
987 1917 1039 1987 (313
1057 1915 1191 1971 nimirum
1209 1932 1273 1970 can-

101 2006 174 2059 tores
196 2004 318 2059 maxime
341 2003 527 2074 Euphorionis
555 2004 741 2076 significans),
769 2006 960 2062 introductum
983 2007 1095 2063 uidetur
1117 2007 1154 2061 ab
1177 2005 1274 2076 aliquo

101 2094 197 2162 docto,
217 2092 265 2163 qui
290 2092 477 2149 differentiam
500 2094 573 2150 inter
596 2094 737 2151 hominem
757 2095 894 2164 (nuntius)
918 2097 947 2150 et
968 2112 1027 2150 rem
1047 2095 1199 2164 (nuntium)
1219 2099 1275 2150 sta·

101 2187 179 2239 tuere
189 2181 289 2252 uoluit,
300 2183 408 2238 innisus
423 2183 532 2238 scilicet
546 2200 597 2238 nsu
610 2185 721 2255 generis
736 2184 828 2239 neutri
842 2200 940 2239 uocem
955 2184 1009 2239 etsi
1022 2183 1112 2238 rarius
1121 2184 1275 2238 adhibente

103 2272 149 2344 (ci.
168 2273 246 2327 tabb.
266 2271 409 2328 censoriae
432 2272 574 2342 epilam.
594 2272 620 2326 d.
639 2273 658 2327 l.
678 2272 696 2328 l.
715 2272 753 2326 Vl
773 2273 833 2340 33);
857 2271 891 2327 ci.
911 2272 994 2341 Apul.
1013 2274 1078 2326 met.
1098 2270 1164 2326 vlu
1183 2277 1199 2325 6
1222 2273 1276 2326 1313

102 2365 244 2430 nortiam,
269 2361 361 2418 Sedul.
386 2360 488 2417 11414
509 2364 631 2432 prasidio
653 2364 756 2417 aaatr'a
784 2364 814 2416 et
835 2359 948 2416 Seruius
971 2362 1008 2416 ad
1030 2362 1098 2416 Aen.
1122 2359 1161 2413 111
1184 2366 1219 2416 36
1247 2363 1276 2414 31

103 2451 140 2507 VI
158 2458 212 2507 416
231 2455 260 2508 31
277 2450 316 2505 XI
334 2455 395 2506 837.
433 2451 516 2521 Verg.
536 2452 587 2506 ccl.
608 2458 632 2520 3,
652 2457 685 2506 73
707 2456 814 2521 partera
831 2452 968 2522 3133333,
985 2451 1075 2517 acab,
1093 2451 1275 2517 1113333313-

102 2543 171 2597 ratis
189 2543 227 2597 od
244 2542 336 2607 amis,
356 2540 437 2596 Ouid.
457 2542 490 2595 tr.
510 2540 549 2594 IV
572 2547 614 2609 10,
634 2545 685 2595 113
703 2541 783 2596 usias
800 2541 938 2607 reseratas
955 2539 993 2594 ad
1011 2555 1098 2595 33333.
1114 2570 1148 2578 -
1164 2538 1211 2593 tt.
1230 2537 1275 2593 ibi

104 2630 205 2686 lancta
227 2629 299 2697 iuga
324 2631 482 2686 resoluens
507 2629 616 2700 cybele
639 2630 789 2686 leonibus.
828 2628 901 2695 ‘ibi'‚
919 2630 996 2682 313.
1016 2633 1041 2682 1.
1078 2627 1157 2683 Lucr.
1178 2626 1205 2680 11
1224 2633 1276 2682 600

103 2719 172 2775 1333
190 2718 335 2789 (Cybelen)
353 2725 454 2775 ueteres
473 2721 592 2775 Graiam
610 2722 684 2776 docti
702 2722 821 2775 33313313
838 2723 936 2789 poetae
953 2718 1063 2773 sedibus
1080 2719 1112 2773 s'a
1129 2733 1216 2772 curru
1234 2717 1275 2772 tr·-

104 2811 181 2877 13333
204 2811 311 2878 spirare
334 2810 421 2864 133333
444 2809 615 2878 (dequibus
641 2807 708 2879 ipsis
730 2808 798 2863 ibid.
823 2812 877 2863 304
890 2809 956 2877 sq.),
983 2805 1062 2876 Verg.
1086 2804 1154 2860 Aen.
1179 2805 1275 2859 11111

104 2899 177 2952 olma
192 2915 297 2968 pareas
315 2898 402 2954 Idaea
421 2901 513 2965 33333,
532 2901 578 2954 cai
596 2898 741 2969 Dindyma
759 2898 837 2954 cordi
854 2897 1059 2966 tarriyeraeqae
1076 2895 1275 2966 3113311331-

104 3003 153 3055 osse
172 2989 210 3042 ad
227 2989 310 3055 fresa
328 2988 415 3042 133333
433 2989 463 3042 31
481 2986 521 3040 lII
541 2994 591 3041 113
617 2994 643 3043 et
660 2988 750 3042 inacti
767 3003 880 3042 carram
902 2987 1030 3041 33311333
1051 2985 1157 3041 soter
1180 2985 1275 3039 133333.

107 3075 213 3131 ‘iuncta
233 3076 309 3146 iuga’
331 3079 447 3131 333133
465 3092 536 3147 quae
555 3076 666 3144 utrique
686 3075 769 3129 simul
788 3078 854 3128 sunt
867 3074 991 3144 inposita
1005 3077 1049 3143 (31
1061 3075 1174 3144 3333133
1187 3073 1277 3128 tancti

105 3164 168 3234 1333
187 3165 303 3233 legitur,
323 3183 364 3220 ex.
379 3183 420 3234 gr.
440 3164 542 3218 Pacuu.
561 3170 612 3218 337
633 3165 691 3232 R.);
710 3180 781 3231 quae
801 3180 864 3218 cum
883 3162 1004 3218 uinculis
1023 3162 1149 3233 inligatis
1168 3163 1277 3216 adnexa

107 3256 207 3318 333331,
226 3253 249 3306 31
267 3252 321 3307 dea
339 3253 428 3307 uellet
446 3253 566 3306 alterum
585 3254 678 3306 utrum
694 3269 727 3305 ex
745 3251 812 3321 iugo
832 3251 983 3319 dimittere,
1003 3251 1143 3306 debebant
1161 3249 1276 3316 resolui;

107 3339 186 3410 Verg.
204 3340 255 3394 ecl.
270 3347 296 3408 4,
311 3347 345 3394 41
364 3342 455 3395 tauris
473 3341 541 3409 1333
559 3341 644 3394 331331
658 3345 761 3405 arator,
780 3338 842 3394 Tib.
858 3341 882 3393 ll
900 3346 922 3407 1,
937 3344 952 3392 7
967 3340 1065 3394 soluite
1081 3341 1177 3396 uincla
1195 3342 1275 3408 13313.

108 3459 139 3468 -
159 3429 207 3484 77.
226 3429 405 3497 laeuumque
424 3428 558 3498 pectoris
578 3429 693 3485 bostem
713 3427 883 3483 stimulans.
912 3426 1023 3481 leonem
1038 3427 1074 3482 ad
1089 3428 1197 3483 laeuam
1214 3444 1276 3496 par·

106 3521 161 3572 1333
181 3517 276 3572 currui
294 3518 428 3574 iunctum.
467 3518 515 3572 ssd
534 3517 605 3571 miro
624 3518 708 3571 modo
727 3518 813 3586 uulgo
832 3514 984 3570 scribentes
1005 3516 1130 3585 ‘pecoris
1149 3516 1299 3577 hostem'.

108 3605 252 3676 adpellant
269 3606 343 3660 hunc
367 3606 485 3661 leonem.
523 3607 598 3659 recte
622 3604 666 3659 leo
690 3605 815 3673 3333113
835 3589 1276 3674 (133331313333331333183313.

108 3696 178 3752 Phil.
198 3701 262 3763 400)
286 3696 316 3748 31
337 3692 514 3763 ταυροφόνος
541 3694 636 3764 (unuh.
661 3693 718 3747 Pal.
738 3691 776 3745 Vl
799 3698 865 3761 219,
886 3696 913 3761 l)
937 3692 1123 3761 similiterque
1147 3694 1277 3759 uocetur,

108 3784 155 3838 sed
173 3801 224 3840 nec
242 3785 347 3838 nudum
365 3782 436 3836 illud
456 3788 485 3837 31
503 3799 609 3837 conexu
627 3782 702 3837 iusto
721 3781 887 3836 destitutum
903 3781 1012 3851 ‘pecus’
1032 3781 1163 3851 designat
1181 3783 1277 3836 tauros

108 3872 275 3929 3133133313
299 3870 408 3942 pecoris
434 3870 523 3926 hostis
542 3870 738 3942 indignissimo
762 3872 877 3940 (quippe
901 3887 963 3924 cum
983 3870 1082 3939 queuis
1101 3870 1186 3925 belua
1203 3886 1276 3924 com·

108 3961 192 4031 muni)
216 3960 344 4030 epitheto
368 3963 412 4017 leo
439 3961 527 4018 audit.
564 3978 646 4031 porro
671 3961 728 4028 hio,
754 3961 801 4013 ubi
826 3960 854 4014 in
879 3960 1022 4014 hominem
1045 3959 1198 4015 inmittitur
1223 3957 1277 4026 leo,

109 4049 328 4118 circumscriptio
346 4050 397 4105 illa
415 4049 519 4121 inepta.
549 4052 697 4120 praeterea
715 4050 816 4120 poetas
835 4049 952 4104 Romani
972 4050 1066 4104 leones
1086 4048 1180 4103 1113333
1200 4065 1274 4102 3333-

109 4143 199 4193 suetos
215 4137 306 4207 (Varr.
322 4142 372 4194 331
388 4139 460 4194 1133.
476 4146 528 4193 314
544 4140 585 4208 Β.)
604 4139 698 4208 potius
716 4138 793 4208 ipsos
813 4138 909 4207 ‘pecus
924 4138 1005 4192 deae’
1023 4138 1166 4207 adpellare
1181 4138 1279 4192 amant

109 4227 198 4294 (Ouid
214 4226 255 4281 lb.
270 4229 342 4296 417).
372 4230 444 4282 3313
464 4232 525 4283 erat
544 4246 606 4282 cum
626 4226 782 4281 conicerem
798 4227 976 4295 ‘laeuumque
995 4244 1080 4297 pecus
1099 4227 1127 4280 in
1147 4227 1276 4282 bostem’.

108 4317 341 4383 3331313333
356 4315 384 4370 in
401 4317 545 4385 ‘pectoris’
562 4317 732 4386 adgnoscere
748 4317 865 4372 formam
883 4315 981 4370 scribis
997 4316 1139 4370 insolitam
1159 4317 1278 4387 ideoque

113 4407 272 4475 corruptam
292 4405 337 4472 (ci.
357 4403 444 4459 XLIV
465 4409 493 4473 4)
514 4405 655 4476 ‘pectori'‚
680 4404 740 4460 siue
758 4406 812 4460 hoc
835 4421 886 4474 pro
906 4405 1043 4475 ‘pectore’
1065 4405 1156 4475 prisce
1175 4405 1281 4461 dictum

1016 4494 1070 4548 23⁸
