2940 4912
536 315 816 374 PROLEGOMENA.
1219 316 1255 381 41

37 492 202 567 agentem
239 494 281 549 et
316 488 352 547 si
384 488 445 547 bos
474 504 574 546 mores
603 487 700 546 seueri
727 486 840 547 iudices
867 506 928 547 nou
952 506 1163 565 usquequaque
1186 508 1265 549 eom-

38 588 233 666 probabunt‚
269 587 317 647 de
349 586 494 645 Romano
518 585 582 662 agi,
609 604 667 645 non
692 584 727 644 de
751 586 849 646 nostri
877 586 1021 661 temporis
1045 589 1129 663 uate,
1153 606 1190 645 ne
1214 588 1263 646 ob-

40 689 235 747 liuiseantur.
279 685 415 745 ardens
431 688 464 743 et
477 684 639 744 uehemens
659 683 777 742 animus
793 683 911 744 Catullo
926 688 1004 761 erat;
1027 684 1123 760 quiin
1143 704 1179 744 ea
1193 706 1263 761 quo-

42 807 91 864 que
104 806 139 846 re
157 806 290 846 uerum
311 803 354 844 se
372 783 516 844 exhibuit
534 786 662 858 poetam,
677 784 756 858 quod
770 783 916 859 sanguine
931 783 1026 842 aalide
1042 784 1168 843 celerius
1184 787 1264 844 moto

46 886 145 944 nentis
170 883 347 943 sensibus
375 880 492 940 sobriis
517 880 627 956 ereptis
646 880 860 941 moderationis
880 882 964 941 irena
982 901 1042 942 non
1064 883 1150 943 facile
1169 885 1263 959 patie-

47 984 140 1055 batur,
164 986 241 1041 tam
271 981 313 1040 in
343 997 456 1039 amore
480 977 651 1038 dulcissimo
676 997 766 1054 quam
788 980 820 1038 in
847 979 914 1040 odio
938 980 1130 1041 acerbissimo
1154 981 1263 1054 nimius

50 1094 84 1145 et.
108 1101 169 1158 quo
201 1080 327 1157 magis
361 1076 577 1139 offendebatur
604 1074 778 1153 ederetque,
808 1096 842 1137 eo
871 1077 1022 1137 irritatior
1049 1078 1168 1155 iamque
1199 1079 1263 1138 iras

51 1180 113 1239 fines
134 1181 250 1239 nullos
281 1180 450 1238 statuens.
483 1179 515 1234 et
538 1193 574 1234 ex
596 1174 652 1233 boe
672 1174 790 1235 feruore
810 1180 949 1252 naturae,
973 1195 1031 1251 quo
1052 1170 1100 1256 (ut
1119 1169 1263 1256 uidimus)

54 1279 175 1355 serpens
207 1277 330 1338 teneri
363 1275 452 1335 laires
480 1277 551 1334 ante
585 1279 702 1348 tempus
736 1277 929 1350 consumptae
958 1278 1041 1348 sunt,
1070 1275 1161 1334 etiam
1188 1275 1264 1334 uitia

56 1384 151 1453 poetae
173 1375 292 1436 nostri
328 1372 428 1433 facile
457 1372 651 1448 explicantur.
698 1371 774 1431 uixit
797 1371 876 1430 euim
905 1391 939 1431 eo
962 1374 1097 1448 tempore
1121 1377 1151 1432 et
1173 1373 1204 1431 iu
1228 1391 1264 1432 ea

59 1476 131 1547 rebe,
148 1475 205 1535 nbi
228 1492 372 1533 morum
395 1471 556 1531 dissolutio
576 1475 667 1546 atque
686 1469 806 1528 lieentia
824 1468 942 1529 infinita
961 1471 1099 1546 aequales
1119 1472 1263 1545 plurimos

61 1574 254 1651 sumptione
278 1570 429 1629 maxima
448 1570 603 1645 iniecerat,
621 1568 674 1626 ubi
690 1585 778 1627 nemo
796 1587 835 1627 ne
854 1567 949 1626 omnis
973 1568 1092 1644 generis
1116 1568 1263 1646 sordibus,

63 1673 113 1730 ebi
140 1691 206 1731 non
244 1670 446 1729 imbueretur
478 1668 555 1743 ipse,
588 1671 689 1727 tamen
721 1667 821 1726 oeiilos
852 1669 1042 1743 mentemque
1074 1668 1264 1728 adsuesceret

64 1787 160 1830 nuere
195 1769 329 1845 potuit:
368 1765 586 1824 mirabimume
619 1763 772 1823 Catullum
804 1784 821 1824 a
854 1765 942 1824 malis
975 1765 1135 1842 prauisque
1168 1766 1261 1826 homi·

67 1868 145 1927 nibus
173 1869 247 1927 siue
280 1867 495 1941 impugnatum
522 1863 586 1922 siue
614 1863 720 1923 laeessi
749 1882 781 1922 se
809 1863 981 1939 opinantem
1007 1865 1051 1923 uti
1075 1865 1138 1924 eins
1162 1866 1263 1939 armis,

69 1966 170 2041 quibus
195 1969 271 2025 tum
297 1963 354 2021 uel
379 1962 485 2037 optimi
512 1961 558 2021 nti
588 1964 619 2021 et
648 1961 797 2038 solebant,
828 1963 854 2021 si
882 1981 1002 2022 necesse
1032 1965 1109 2039 erat,
1138 1966 1169 2023 et
1191 1983 1262 2023 sane

72 2064 233 2139 debebant,
260 2064 290 2122 si
317 2061 429 2120 affeetu
453 2079 512 2120 non
526 2078 638 2157 ‘carere
662 2059 827 2120 uolebant?
874 2062 1001 2137 nequis
1029 2063 1123 2139 igitur
1151 2066 1263 2138 tempo·

74 2184 132 2222 rrm
154 2161 385 2222 diuersitatem
409 2158 521 2219 oblitus
544 2158 706 2218 seeundum
729 2159 858 2219 recentis
882 2160 950 2219 aeui
973 2160 1083 2235 placita
1103 2159 1221 2220 Catullo
1245 2180 1262 2219 a

76 2262 137 2321 labe
163 2257 382 2336 eorruptieuis
409 2257 524 2316 inmuni
557 2259 659 2316 tremat
691 2256 766 2317 uitio
801 2259 933 2317 earmina
961 2254 1105 2319 nonnulla
1134 2258 1262 2319 sordidis

78 2359 172 2419 serbis
208 2357 370 2433 rebusque
402 2355 504 2433 plena:
537 2356 717 2433 prouocatus
750 2354 787 2414 ab
815 2356 957 2434 inimicis,
990 2375 1064 2433 quos
1095 2376 1131 2416 ex
1157 2357 1262 2417 intimo

79 2459 170 2518 mimo
190 2456 353 2534 despexit,
372 2454 461 2513 homo
480 2454 546 2530 ipse
564 2454 682 2530 integer
695 2473 849 2531 purusque
863 2455 1034 2515 inimicitias
1049 2455 1168 2516 odiosas
1183 2474 1263 2515 exer·

81 2557 135 2613 orit
154 2555 283 2625 odiose,
302 2553 336 2612 in
354 2556 527 2629 contemptu
547 2550 741 2629 significando
761 2554 832 2629 quid
852 2555 968 2614 efflaret
987 2575 1042 2630 pus
1064 2558 1154 2631 atque
1173 2575 1262 2614 nene-

81 2672 145 2712 num
168 2672 286 2730 pamm
309 2668 426 2710 currens.
458 2666 563 2708 uerum
588 2653 648 2725 est,
672 2671 741 2709 eum
764 2655 890 2712 naturae
915 2653 1048 2713 feruidus
1073 2654 1186 2729 impetu
1211 2655 1260 2712 ab·

85 2766 196 2827 septam
222 2749 379 2809 interdum
404 2748 523 2806 modum
548 2752 723 2826 excessisse,
755 2753 880 2811 maxime
904 2753 933 2811 iu
957 2752 1158 2829 inpugnandis
1183 2754 1261 2813 ultre

87 2851 151 2908 :iris
175 2850 234 2909 tali
259 2851 437 2922 contemptu
456 2847 599 2924 indignis3
625 2849 677 2908 sed
698 2849 769 2926 quin
789 2850 843 2909 boe
863 2871 979 2927 quoque
1003 2853 1054 2910 ille
1075 2851 1138 2910 sine
1158 2853 1261 2910 fraude

87 2948 207 3024 eaeque
232 2945 315 3005 malo
339 2945 445 3004 feeerit
464 2944 600 3004 dubitare
624 2949 706 3006 nullo
731 2954 817 3023 paeto
842 2950 920 3009 lieet.
955 2956 985 3008 et
1010 2955 1152 3010 excusant
1176 2951 1260 3008 illuni

88 3062 111 3103 et
134 3045 259 3119 acerba,
285 3063 361 3120 quae
381 3044 411 3101 in
431 3044 582 3103 amoribus
601 3046 662 3104 suis
683 3051 822 3121 expertus
842 3051 897 3121 est,
918 3052 948 3107 et
968 3050 1142 3108 ualitudinis
1163 3053 1259 3107 status

88 3145 225 3204 extremis
252 3144 333 3202 uitae
357 3142 442 3201 annis
466 3143 496 3201 in
521 3142 583 3200 dies
607 3144 698 3218 peior.
735 3145 786 3203 sed
811 3150 844 3205 ut
863 3166 897 3205 eo
919 3148 996 3206 rande
1017 3148 1174 3223 degressus
1196 3168 1258 3205 snm

90 3243 218 3315 anisam,
233 3241 373 3300 Catullus
393 3241 448 3299 boc
467 3241 600 3316 ingenie,
621 3241 666 3300 bis
686 3243 806 3315 studiis,
827 3245 882 3303 hae
902 3250 1010 3304 natura
1029 3248 1182 3322 praeditus
1203 3266 1261 3304 non

90 3343 178 3413 garrit
210 3361 270 3400 non
300 3340 363 3398 fieri
387 3339 417 3397 id
442 3340 520 3415 quud
544 3342 590 3398 est
615 3340 724 3415 iaetus,
754 3343 867 3402 scilieet
898 3364 1030 3403 summus
1055 3365 1143 3420 <quiem
1169 3346 1261 3402 lionae

92 3459 224 3515 :malliam
251 3438 329 3497 uidit
347 3441 437 3513 poeta
457 3437 578 3514 lyricus,
600 3441 717 3514 magnis
737 3441 797 3500 illis
818 3442 959 3502 Graeciae
979 3444 1008 3501 in
1028 3444 1130 3501 eodem
1151 3462 1260 3518 genere

92 3540 248 3598 ..minibus
273 3544 326 3595 aut
348 3538 422 3595 nibil
447 3540 500 3594 aut
523 3556 629 3611 parum
654 3539 774 3615 cedens3
800 3543 830 3598 et
850 3543 873 3599 si
893 3542 923 3600 in
944 3542 1060 3600 Horatii
1080 3541 1259 3600 carminibus

92 3639 184 3711 ipris-is
210 3637 288 3694 artis
312 3636 598 3694 consummationem
622 3637 806 3696 admiramur
831 3639 1093 3715 desideramusqne
1113 3640 1188 3697 illud
1212 3660 1262 3698 na·

92 3754 167 3795 :arae
183 3737 336 3794 infucatas
352 3736 460 3792 lienium
476 3736 565 3794 nullis
588 3735 695 3795 studiis
712 3739 961 3812 eerisequendum,
976 3743 1079 3797 contra
1099 3739 1129 3797 ia
1144 3737 1262 3798 Catulle

9 3854 11 3877 =
93 3836 238 3911 -biigimns
259 3833 396 3909 pulcrum
421 3837 452 3892 et
475 3835 603 3894 amabile
628 3835 781 3910 ingenium
806 3841 838 3894 nt
859 3842 924 3897 arie
944 3856 1001 3895 nun
1022 3838 1200 3897 destitutum
1221 3838 1263 3895 ita

92 3935 142 3991 uti
165 3934 257 4009 lenge
282 3932 428 4008 superius.
474 3952 543 3992 nam
573 3934 602 3991 in
631 3933 676 3991 bis
705 3931 888 3994 carminibus
919 3937 1083 3995 mineribus
1108 3941 1197 4010 poeta
1220 3936 1263 3992 ita

92 4032 195 4091 enotuit
226 4030 291 4089 sine
320 4030 428 4089 studiis
456 4031 544 4107 longe
573 4032 706 4107 inpensis
731 4034 859 4106 pectoris
892 4036 1101 4111 cogitationes,
1131 4035 1174 4091 ita
1197 4038 1262 4090 tan-

92 4130 237 4189 tammodo
263 4129 341 4188 sient
364 4148 411 4187 res
433 4130 504 4188 tulit
522 4131 676 4206 ipsiusque
696 4131 814 4191 animus
834 4133 944 4209 inpulit
964 4134 1106 4208 loquitur,
1126 4132 1262 4205 itaquae

93 4228 218 4288 ¹licturus
243 4234 290 4287 est
314 4230 377 4287 sine
401 4228 523 4304 negotio
548 4228 683 4287 uersibus
704 4231 838 4303 mandat,
865 4236 898 4288 ut
922 4232 1072 4306 poematia
1093 4230 1135 4288 sic
1154 4230 1263 4287 leuiter

93 4328 262 4404 plerumque
286 4333 316 4386 et
340 4346 376 4384 ex
400 4332 535 4402 tempore
560 4327 589 4384 in
610 4331 708 4386 cartas
728 4329 860 4388 coniecta
879 4330 961 4387 miris
981 4329 1094 4387 deliciis
1114 4326 1263 4386 oblectent

94 4438 208 4501 prepter
231 4424 380 4484 sentiendi
405 4445 506 4484 rueram
531 4425 737 4501 sinceramque
757 4429 902 4487 rationem
928 4432 958 4485 et
982 4427 1163 4502 elegantiam
1188 4427 1262 4485 iudi·
