2940 4912
145 313 189 377 22
588 310 871 368 PROLEGOMENA.

235 481 411 543 Inmortalia
437 484 592 542 cantorum
616 480 815 558 Euphorionis
849 481 884 540 de
908 480 1018 541 litteris
1042 480 1182 541 Romanis
1210 481 1321 542 merita

146 583 197 642 uix
220 582 292 641 licet
314 580 422 640 melius
450 580 482 638 in
504 579 562 639 fine
592 580 694 656 paucis
718 578 886 638 describere
909 597 1001 654 quam
1029 579 1055 638 si
1078 578 1193 655 dinero,
1216 597 1320 641 omnes

145 681 214 741 illos
238 679 306 739 aeni
323 679 475 754 Augustei
495 681 580 737 uates
599 678 630 736 in
651 676 753 753 lyricis
773 677 912 753 elegiacis
933 676 1024 753 epicis
1044 676 1208 736 eminentes
1226 676 1319 737 fama

145 798 203 855 que
232 781 296 837 tam
323 777 490 837 celebratos
517 777 605 852 plane
632 775 693 834 illis
720 774 778 833 uiti
803 774 923 850 illisque
950 775 1104 851 magistris
1132 774 1321 851 ducibusque

146 893 216 936 usos
235 893 310 934 esse.
343 873 534 950 perfecerunt
552 873 583 932 hi
602 873 783 948 posteriores
802 873 1020 933 admirabiliter
1038 875 1135 932 artem
1149 891 1218 932 curn
1231 873 1321 933 bexa-

146 973 235 1034 metri
253 977 318 1032 tum
338 991 410 1032 uero
425 971 559 1047 distichi,
577 974 771 1031 remouerunt
789 967 933 1047 quidquid
946 970 978 1029 in
992 971 1153 1031 uerborum
1168 973 1322 1031 structura

147 1075 178 1131 et
200 1074 308 1129 ornatu
332 1069 498 1130 subdurum
522 1070 680 1145 minusque
699 1069 820 1145 gratum
839 1071 943 1145 utpote
961 1069 993 1128 in
1011 1088 1107 1129 nouae
1131 1069 1206 1129 artis
1225 1068 1321 1131 initiis

147 1173 213 1230 erat
236 1170 389 1242 relictum,
417 1167 594 1243 ampliorem
621 1167 680 1227 sibi
707 1169 888 1243 pepererunt
915 1171 1160 1243 argumentorum
1187 1166 1322 1244 poetico-

147 1287 213 1327 rum
242 1267 371 1343 eopiam,
404 1266 501 1343 magis
529 1267 684 1344 magisque
712 1264 887 1324 abiecerunt
916 1263 1114 1324 imitationem
1146 1268 1178 1325 et
1209 1264 1322 1326 aemuli

149 1365 330 1424 Graecorum
362 1363 694 1442 Alexandrinorumque
728 1362 894 1422 extiterunt
929 1362 961 1421 iu
996 1363 1133 1440 partibus
1169 1363 1321 1424 nonnullis

147 1463 329 1540 superiores:
361 1462 440 1540 quod
468 1463 507 1522 ad
534 1462 590 1522 hoo
619 1481 769 1522 summum
797 1480 937 1521 cacumen
966 1462 1029 1520 sine
1060 1460 1238 1521 difficultate
1260 1462 1321 1522 iam

147 1561 295 1621 adducere
314 1563 439 1636 potuere
457 1561 562 1637 poesin
580 1560 719 1637 patriam,
738 1559 804 1619 unis
824 1559 954 1636 solisque
978 1559 1129 1620 debebant
1149 1560 1321 1621 cantoribus

146 1658 356 1735 Euphorionis.

710 1847 751 1913 H.

236 1989 282 2047 De
305 1987 418 2048 Catulli
441 1989 520 2063 uita,
548 1989 698 2064 adquam
723 1987 920 2047 enarrandam
947 1992 1080 2062 transeo,
1107 1993 1229 2067 praeter
1256 2010 1322 2067 per·

149 2106 245 2163 pauca
275 2090 412 2146 ueterum
444 2087 623 2161 scriptorum
650 2079 862 2166 testimonia*)
892 2086 968 2144 nihil
994 2087 1081 2146 nobis
1105 2088 1252 2148 traditum
1274 2093 1323 2150 est

148 2185 209 2244 nisi
232 2186 312 2262 quod
335 2203 371 2243 ex
394 2185 489 2261 ipsius
508 2188 614 2259 poetae
632 2183 814 2244 carminibus
833 2188 972 2244 accurata
990 2185 1239 2260 interpretatione
1258 2189 1323 2248 erui

150 2286 259 2358 potest.
290 2283 319 2342 in
335 2283 443 2360 quibus
458 2287 559 2342 tamen
574 2281 750 2342 adhibendis
766 2301 838 2341 caue
853 2283 988 2343 ordinem
1006 2285 1122 2341 eertum
1136 2284 1323 2364 chronologi·

148 2399 216 2439 cum
239 2381 435 2441 obseruatum
459 2398 525 2441 esse
547 2385 651 2456 putee,
675 2379 793 2456 quade
817 2398 850 2438 re
873 2379 952 2438 infra
974 2380 1005 2438 in
1028 2398 1092 2456 cap.
1110 2380 1153 2439 IV
1176 2383 1273 2457 plura

239 2477 442 2556 Hieronymus
466 2479 505 2537 ad
528 2479 636 2539 Euseb.
661 2479 761 2538 chron.
784 2497 810 2536 a.
834 2477 906 2536 Abr.
932 2480 1018 2537 1930
1033 2503 1075 2526 ==
1091 2483 1161 2538 ante
1184 2476 1254 2540 chr.
1278 2482 1322 2542 87

149 2576 256 2635 scribit
284 2576 379 2637 Gaius
413 2578 548 2636 Valerius
576 2577 709 2637 Catullus
735 2578 858 2648 scriptor
886 2577 993 2649 lyricus
1027 2577 1156 2637 Veronae
1182 2581 1322 2640 nascitur.

148 2693 216 2732 cum
240 2675 308 2746 hoe,
331 2693 419 2750 quem
446 2693 481 2733 ex
504 2674 638 2734 Suetonii
666 2674 758 2748 copiis
787 2673 923 2733 hausisse
952 2679 1057 2733 notum
1085 2678 1145 2749 est,
1173 2676 1324 2737 consentit

150 2772 181 2829 in
204 2772 396 2846 praenomine
414 2772 561 2847 Apuleius
581 2771 657 2846 apol.
680 2773 721 2830 10
740 2776 873 2830 aemecat
892 2770 922 2831 0.
939 2770 1086 2831 Catullum
1104 2776 1189 2833 ectr:
1212 2775 1323 2850 quibus

149 2867 266 2927 duobus
284 2869 424 2942 testibus,
444 2887 569 2944 quorum
589 2874 696 2928 neuter
715 2868 752 2927 ab
772 2868 868 2927 altero
887 2869 1009 2945 pendet,
1029 2870 1118 2930 fidem
1137 2872 1247 2932 habere
1266 2891 1321 2933 nos

150 2967 256 3026 iubent
279 2985 369 3026 sanae
389 2966 607 3043 disquisitionis
631 2965 789 3026 historicae
813 2971 973 3044 praecepta
991 2970 1097 3031 omnia.
1130 2989 1199 3029 nam
1218 2968 1323 3040 Quinti

150 3081 342 3139 praenomen,
369 3065 447 3141 quod
471 3065 562 3140 uulgo
585 3064 658 3123 dant
681 3068 788 3140 poetae
806 3070 923 3140 nostro,
947 3085 1006 3124 non
1029 3068 1137 3127 nititur
1154 3069 1213 3128 nisi
1231 3055 1323 3130 Plinii

221 3270 247 3338 ⁴¹)
272 3273 351 3326 extat
368 3271 398 3325 in
416 3269 522 3326 Catulli
546 3270 669 3325 editione
693 3287 718 3324 a.
740 3279 807 3326 1472
831 3273 909 3327 laeta
931 3274 1002 3327 haee
1021 3274 1093 3329 uita:
1123 3275 1250 3332 Valerius
1269 3279 1324 3334 Oa·

151 3353 248 3416 tullus,
267 3354 385 3421 scriptor
404 3353 521 3424 lyricum,
540 3351 660 3406 Veronae
678 3356 804 3407 ademtar
820 3354 980 3424 Olympiade
995 3355 1152 3422 CLXIII,
1171 3373 1246 3412 auno
1259 3364 1325 3413 ante

150 3439 247 3486 reatum
271 3432 424 3488 Salustium
448 3433 589 3502 Crispum,
618 3434 689 3486 diris
713 3433 806 3487 Marii
830 3434 971 3503 Syllaeque
998 3437 1174 3504 temporibus,
1203 3455 1257 3509 quo
1279 3440 1325 3496 dis

151 3514 281 3567 Plotinae
310 3515 426 3568 latinam
451 3515 612 3569 rhetoricam
636 3513 747 3581 primus
770 3512 873 3567 Romae
900 3515 993 3567 docere
1016 3517 1110 3583 eoepit.
1151 3519 1258 3573 amauit
1279 3519 1335 3575 tte.

147 3594 268 3662 puellam
298 3595 463 3661 primariam
488 3595 627 3658 Clodiam,
655 3610 736 3661 quam
760 3593 888 3648 lesbiam
914 3610 964 3648 arao
992 3595 1112 3662 appellat
1135 3598 1167 3650 im
1194 3599 1324 3654 samniae.

150 3674 363 3728 laseiua‘aeeulas
381 3676 438 3740 suit
457 3681 481 3728 et
499 3692 552 3728 sua
570 3678 723 3742 tenpestate
737 3690 821 3742 pares
835 3691 942 3743 paucos
959 3677 991 3727 iu
1004 3676 1119 3730 dicendo
1132 3677 1244 3741 frenata
1261 3695 1325 3735 ora·

150 3755 236 3817 tiarae,
254 3756 419 3820 superiorem
434 3756 530 3809 babuit
549 3756 688 3807 nemiuem·
717 3755 748 3806 iu
762 3755 829 3809 iocis
847 3757 971 3824 apprime
985 3755 1104 3823 lepidus,
1122 3758 1154 3810 im
1167 3758 1246 3812 aeriis
1259 3776 1327 3816 uero

149 3834 333 3901 grauissimus
351 3837 449 3888 extitit.
487 3838 589 3889 erotica
607 3835 717 3901 scripsit
740 3839 765 3886 et
787 3836 992 3903 epithalamium
1011 3837 1042 3888 ira
1062 3836 1213 3891 ritualium.
1250 3856 1327 3896 anno

150 3929 215 3967 aera
238 3915 336 3966 artatis
358 3930 423 3967 urae
447 3913 541 3967 XXX
564 3914 667 3967 Romae
689 3915 820 3980 moritur,
844 3916 931 3969 elatus
954 3932 1071 3970 mouere
1090 3917 1210 3985 publiea.
1255 3919 1326 3976 baec

152 4009 207 4047 non
226 3992 325 4046 dubito
344 3994 411 4062 quin
432 3994 531 4047 doetus
551 3993 656 4047 saeculi
676 3994 725 4047 XV
747 3996 833 4048 ltalus
857 3995 1094 4049 consarcinauerit
1111 3997 1186 4052 male
1205 4015 1239 4051 ex
1259 3998 1325 4056 llie·

152 4090 267 4142 rouymo
287 4075 316 4127 et
334 4074 462 4128 breuiore
482 4075 604 4142 quadam
626 4074 729 4129 Catulli
749 4077 810 4129 uita
828 4074 915 4128 simili
933 4074 1009 4129 illins
1028 4075 1219 4145 Tibullianae,
1238 4084 1346 4149 quam‘

151 4171 201 4223 per
229 4154 352 4209 medium
380 4170 480 4208 aeuum
510 4156 703 4210 circumlatam
732 4156 760 4210 in
784 4154 886 4210 ultima
909 4155 1016 4223 origine
1040 4156 1075 4209 ad
1100 4162 1263 4228 excerptum
1291 4176 1327 4216 ex

152 4233 286 4288 Suetonio
305 4235 411 4288 iactum
430 4235 520 4288 redire
539 4235 692 4291 uerisimile
712 4241 762 4292 est.
792 4239 885 4291 ineant
906 4235 1040 4289 nonnulla
1057 4237 1153 4292 uerbis
1166 4238 1232 4306 illis,
1252 4256 1326 4309 quae

151 4330 203 4368 nee
221 4319 281 4368 tum
302 4314 390 4368 ltalus
409 4315 483 4368 ullus
502 4316 572 4369 scire
592 4316 683 4384 potuit
702 4319 801 4385 (ueluti
821 4318 854 4370 de
875 4313 973 4370 Clodia
990 4315 1087 4385 puella
1107 4317 1277 4391 ‘primaria‘)
1296 4325 1328 4377 et

152 4392 220 4447 mire
239 4394 275 4447 ad
295 4392 458 4448 Suetonium
478 4394 617 4449 adludunt
636 4395 735 4464 (ueluti
754 4397 783 4450 in
802 4394 924 4464 iudicio).
