2940 4912
189 254 255 317 270
705 250 753 304 LV
772 256 851 304 2-4.

192 415 312 481 defessas
339 413 535 482 quartando,
561 429 698 482 nusquam
724 413 838 467 inuenio
860 410 1030 466 Naucraten
1052 408 1097 478 (cf.
1120 410 1150 464 et
1172 406 1259 463 Plant
1282 405 1366 478 Epid.

191 502 216 556 ll
235 509 261 570 2,
282 508 323 569 13,
341 500 402 556 Ter.
418 502 468 556 Ad.
488 500 527 555 IV
546 508 571 571 6,
592 505 626 571 1).
659 501 696 554 ad
715 499 798 555 buius
818 499 1015 570 descriptionis
1030 498 1207 554 Catulliauae
1225 498 1318 552 artem
1334 497 1368 550 ut

191 592 351 658 redeamus,
379 590 403 645 si
430 608 527 645 uersus
554 591 665 660 integer
694 590 833 645 actionem
857 588 1010 660 quaerendi
1036 591 1066 644 et
1093 589 1254 643 contractus
1277 588 1366 641 relar-

193 681 336 735 dationem
361 681 505 749 exprimit,
528 684 679 750 proptsrea
701 679 777 747 quod
800 679 828 732 in
852 679 942 735 altero
961 677 1093 748 strophae
1112 694 1196 732 uersu
1214 676 1305 732 maior
1323 675 1367 730 uis

192 771 236 825 111
254 769 310 824 sita
326 769 446 838 indeque
461 766 521 822 eius
539 768 648 822 indoles
663 767 763 836 elucet,
783 767 905 822 disticha
922 765 1023 837 prioris
1041 766 1130 836 partis
1143 763 1235 834 magis
1249 764 1366 835 indaga·

191 859 297 914 tionem
325 876 388 914 oum
411 857 554 914 laboribus
578 857 715 924 iunctam,
745 858 842 912 contra
870 853 1033 927 posterioris
1055 854 1144 926 partis
1168 855 1301 924 strophae
1325 854 1367 909 iu·

191 947 277 1002 ritum
296 947 449 1017 quaerendi
467 962 603 1002 conamen
622 946 786 1016 depingunt.
824 946 873 1001 sed
892 948 982 1002 artem
995 946 1075 1001 illam
1090 944 1238 1014 quominus
1252 943 1366 1014 plenam

191 1037 411 1107 perciperemus,
430 1036 540 1091 inuidus
559 1034 706 1106 prohibuit
723 1051 816 1103 11111,
841 1036 889 1103 qui
907 1034 1029 1090 mediam
1047 1036 1157 1104 partem
1176 1050 1227 1088 suo
1245 1032 1367 1088 artificio

191 1125 330 1196 insignem
354 1126 395 1180 111
414 1127 449 1180 ab
469 1125 521 1180 hoo
541 1125 663 1180 carmine
682 1123 812 1192 reuolsit,
835 1125 915 1178 utin
934 1123 1016 1179 initio
1035 1140 1068 1179 ac
1086 1124 1140 1178 fine
1159 1122 1319 1177 mutilatam
1337 1121 1367 1175 in

192 1215 314 1269 alienam
333 1215 465 1269 traiceret
483 1214 583 1270 locum.
620 1214 728 1283 quade
748 1232 778 1269 re
797 1213 954 1268 uidebimus
972 1212 1009 1269 ad
1027 1230 1054 1268 u.
1076 1213 1131 1268 13¹³.
1150 1243 1183 1253 -
1198 1212 1226 1268 2.
1246 1210 1368 1266 demon·

192 1304 287 1376 atres,
307 1303 360 1358 ubl
379 1303 442 1359 1111
460 1305 530 1358 tuae
549 1302 702 1358 tenebrae.
740 1303 808 1369 foci,
826 1303 856 1357 in
874 1302 976 1372 quibus
994 1303 1075 1369 lates,
1093 1301 1243 1357 tenebrosi.
1272 1317 1363 1370 super-

192 1392 247 1448 flue
266 1393 409 1447 Palladius
428 1393 520 1448 uoluit
537 1392 701 1447 ‘latebrae':
722 1392 789 1446 Sall.
804 1389 864 1461 lug.
882 1397 923 1459 14,
944 1396 976 1445 16
991 1392 1081 1446 clausi
1093 1392 1126 1445 in
1136 1391 1264 1456 11111111,
1283 1388 1367 1459 Verg.

192 1482 260 1537 Aen.
281 1481 307 1535 ll
331 1488 365 1536 st
383 1482 472 1537 attam
489 1483 521 1536 s'n
540 1482 656 1536 terasbris
675 1482 801 1550 luctaque
819 1482 958 1536 trahebam
977 1479 1052 1548 (Seu.
1072 1481 1108 1534 ad
1126 1481 1212 1535 Marc.
1231 1484 1276 1545 22,
1295 1477 1367 1532 Gell.

192 1571 230 1625 Vl
250 1573 285 1639 6),
304 1571 387 1641 Prop.
406 1570 445 1624 ΠΙ
467 1578 508 1636 16,
530 1576 561 1625 17
581 1570 724 1625 inmundis
741 1570 866 1625 babitare
881 1570 1005 1636 tenebris,
1023 1567 1114 1622 Amm.
1130 1568 1215 1624 Marc.
1230 1567 1295 1622 XIX
1310 1574 1336 1635 6,
1351 1573 1368 1621 6

187 1676 239 1729 per
265 1661 316 1714 has
343 1661 465 1716 11111111
493 1661 525 1715 ob
551 1661 666 1730 dirupta
693 1660 834 1729 neplectas.
877 1659 1055 1728 opponuntur
1078 1659 1132 1713 hae
1154 1658 1288 1714 tenebrae
1311 1659 1369 1713 luci

192 1750 229 1817 (u.
251 1752 303 1817 16),
323 1753 355 1803 11
373 1750 457 1818 apud.
478 1748 533 1804 Cic.
553 1768 580 1819 p.
601 1748 671 1804 Sest.
691 1755 715 1804 9.
735 1755 770 1803 20
789 1747 915 1803 amultis
930 1765 972 1818 cp.
986 1748 1120 1804 bominem
1133 1764 1264 1803 ennean
1276 1749 1369 1803 sabito

191 1853 225 1892 ea
242 1838 386 1893 dinturnis
404 1839 521 1894 tenebris
538 1839 688 1893 lastrorann
706 1856 739 1893 oc
756 1844 914 1907 stuprorum
935 1880 940 1891 .
960 1879 967 1892 .
986 1839 1035 1907 qui
1052 1854 1087 1892 ne
1103 1838 1189 1892 lacem
1202 1837 1312 1906 qaedam
1325 1837 1368 1891 in·

191 1927 300 1982 saidam
318 1927 438 1997 aspicere
450 1933 549 1997 posset
569 1959 601 1967 -
622 1927 650 1983 3.
670 1927 701 1982 te
720 1941 825 1996 campo
843 1926 1049 1995 quaestuimus
1066 1925 1195 1981 minore.
1232 1927 1309 1980 recte
1327 1925 1370 1980 ita

192 2015 330 2086 Scaliger:
353 2016 393 2071 ‘in
412 2016 530 2072 minore’
547 2016 580 2084 V,
598 2015 674 2086 quod
689 2015 816 2085 Silligius
836 2016 887 2069 ‘iu‘
907 2018 973 2070 ante
993 2015 1116 2085 ‘campo'
1136 2013 1269 2069 traiciens
1283 2014 1369 2070 corri-

192 2121 258 2175 gere
283 2106 404 2174 studuit,
428 2124 491 2162 oum
511 2106 641 2160 uideatur
658 2105 753 2174 potius
772 2106 870 2162 adesse
890 2105 995 2176 glossa3
1019 2104 1081 2160 Lin.
1100 2102 1164 2159 XXI
1183 2108 1208 2171 8,
1227 2109 1241 2157 'l
1257 2106 1370 2174 patenti

192 2210 287 2264 campo
310 2195 581 2265 (111111111111111Ι
606 2194 632 2246 ΙΙ
654 2213 681 2265 p.
705 2197 779 2263 261).
820 2195 939 2249 aliorum
958 2195 1071 2264 1111111,
1095 2192 1198 2248 Mureti
1221 2196 1250 2249 11
1274 2193 1369 2260 Statii,

194 2283 331 2339 rationem
350 2301 368 2338 a
386 2301 431 2338 ms
450 2282 611 2354 inprudeuti
630 2283 697 2338 olim
717 2281 905 2353 amplexatam
925 2284 957 2338 ‘t
976 2300 1003 2351 q.
1022 2282 1052 2336 in
1070 2300 1106 2336 m.
1126 2282 1162 2338 c.‘
1183 2282 1240 2338 iam
1253 2284 1371 2338 nonest

192 2373 268 2442 quod
291 2373 418 2429 refutem.
456 2373 492 2427 ad
511 2389 570 2427 rem
588 2374 683 2428 111111
702 2371 778 2440 quod
797 2374 911 2440 attinet,
935 2371 1174 2443 praemonendum
1193 2376 1236 2429 est
1253 2374 1368 2442 poetam

192 2463 340 2532 potissima
363 2461 426 2519 loca
451 2463 486 2517 ab
511 2462 737 2518 adulescentibus
757 2463 934 2531 frequentata
950 2462 994 2517 its
1012 2477 1187 2531 enumerare,
1211 2464 1243 2517 ut
1261 2464 1368 2518 certam

193 2552 333 2620 quandam
358 2552 433 2607 uiam
452 2555 557 2608 teneat.
595 2553 716 2622 primum
734 2552 821 2622 igitur
840 2569 900 2607 sese
918 2551 1252 2621 conuertitadcampum
1268 2550 1368 2607 ‘mino

191 2642 273 2710 rem‘,
293 2659 374 2710 quem
394 2645 512 2712 apparet
530 2643 615 2697 tacite
634 2643 739 2712 opponi
759 2641 869 2708 maiori,
889 2641 943 2697 hoc
963 2645 1017 2710 est,
1040 2657 1141 2711 campo
1160 2640 1272 2696 Martio.
1309 2639 1369 2695 iam

194 2729 296 2784 Paulas
311 2730 388 2784 Festi
407 2747 433 2798 p.
456 2736 504 2784 131
526 2731 595 2785 haec
614 2732 731 2800 praebet
745 2731 890 2786 Martialis
908 2747 1021 2800 campas
1038 2733 1071 2786 s'n
1085 2729 1177 2786 Caelio
1195 2731 1368 2787 1111111111-

193 2824 253 2884 tar,
277 2820 349 2887 qaod
372 2820 404 2872 in
427 2835 455 2874 eo
478 2820 586 2888 equiria
608 2822 729 2875 solebant
751 2822 826 2888 fieri,
849 2822 985 2890 siquando
1008 2838 1095 2890 aquae
1116 2821 1224 2876 Tiberis
1241 2837 1369 2890 campano

195 2906 332 2963 Martiam
351 2915 526 2977 occupassent
540 2907 632 2976 (Ouid.
648 2908 712 2963 fast.
727 2908 765 2962 lll
781 2915 830 2963 621
846 2927 887 2978 sq.
906 2908 981 2963 idem
995 2909 1101 2976 tradit).
1130 2909 1200 2964 haec
1217 2909 1369 2965 sufficiunt

195 3013 261 3050 uam
280 3014 344 3051 cum
363 2996 503 3063 miremur,
523 3015 571 3052 cur
589 3015 644 3052 nou
663 2997 853 3053 nobilissimus
868 2998 917 3053 ille
932 3016 1047 3068 canipae
1061 2998 1178 3053 Martius
1193 2996 1232 3053 sit
1245 3015 1368 3054 comme·

195 3088 333 3152 moratus,
363 3084 410 3139 ubi
435 3084 551 3139 iuuenes
575 3084 694 3140 Romani
722 3087 817 3142 ludere
846 3104 930 3156 seque
963 3105 1091 3143 exercere
1118 3087 1259 3156 solebant,
1288 3089 1369 3144 inun-

195 3174 308 3229 datione
335 3173 444 3228 Tiberis
470 3177 531 3228 tum
559 3192 623 3229 sum
651 3175 753 3246 quippe
781 3175 890 3230 flumini
913 3177 1069 3247 proximum
1101 3178 1258 3232 detractum
1282 3178 1369 3233 fuisse

194 3262 308 3333 publico
327 3263 389 3317 usui
408 3262 522 3331 eiusque
540 3262 569 3318 iu
588 3265 680 3319 locum
700 3266 815 3321 cessisse
835 3267 970 3322 minorem
990 3265 1085 3334 illum,
1107 3283 1191 3335 quem
1210 3282 1266 3321 non
1285 3283 1368 3336 posse

193 3369 254 3406 esse
279 3351 365 3406 alium
390 3370 475 3420 quam
494 3353 665 3423 Martialem,
689 3358 722 3410 ut
740 3355 809 3410 olim
828 3355 954 3426 Scaliger
972 3355 1125 3423 intellexit,
1147 3359 1223 3412 recte
1241 3356 1368 3412 Handius

192 3441 319 3496 defendit
337 3446 435 3498 contra
453 3441 608 3498 Beckerum
628 3445 748 3515 [antiqq.
774 3463 845 3501 rom.
862 3446 882 3502 l.
902 3464 927 3515 p.
949 3445 1023 3517 600)
1060 3446 1161 3515 postea
1179 3447 1274 3500 autem
1293 3463 1366 3501 com-

193 3531 287 3598 plures
310 3534 391 3588 11111
408 3531 514 3587 Romae
538 3533 643 3603 campi,
667 3535 739 3589 unde
759 3534 840 3605 Prop.
865 3534 890 3589 ll
914 3542 961 3601 13,
986 3541 1002 3588 6
1026 3551 1122 3604 campo
1139 3552 1193 3605 qao
1210 3542 1300 3592 mouet
1317 3537 1369 3591 itta

188 3620 291 3689 pedes?
328 3622 398 3676 situs
417 3625 462 3677 est
481 3626 576 3678 autem
595 3623 686 3678 minor
705 3623 753 3678 ille
772 3641 888 3694 campus
902 3624 931 3679 in
945 3623 1060 3694 regione
1076 3623 1207 3694 secunda,
1225 3624 1300 3681 uude
1312 3641 1368 3680 non

192 3707 276 3777 longe
300 3712 380 3765 abest
399 3711 495 3766 circus.
514 3744 549 3752 -
567 3711 597 3767 4.
615 3713 646 3767 11
666 3712 698 3767 11
717 3713 816 3785 obeo,
840 3715 871 3768 te
890 3714 923 3768 ln
941 3713 1079 3770 omnibus
1097 3712 1227 3769 libellis.
1263 3713 1368 3770 circum

195 3797 268 3852 uude
291 3800 467 3855 nominantes
491 3800 692 3856 intellexeruut
712 3802 885 3858 ‘maximum’
907 3805 973 3870 (nou
992 3803 1185 3874 Flaminium),
1204 3804 1235 3859 in
1252 3804 1368 3872 regione

193 3887 341 3944 undecima
358 3889 489 3958 positum,
509 3889 618 3959 dequo
638 3891 673 3946 cf.
688 3890 828 3948 Beckerus
848 3892 866 3948 l.
886 3891 905 3950 1,
926 3891 937 3944 1
956 3911 983 3962 p.
1003 3899 1054 3950 cet
1069 3911 1138 3965 sqq,
1158 3893 1246 3962 Pauly
1261 3893 1368 3961 encycl.

193 3978 259 4033 real.
279 3977 304 4029 ll
323 3997 349 4048 p.
369 3984 420 4032 311
439 3997 499 4047 sqq.
519 3981 666 4035 contendit
684 3983 778 4038 autem
798 3983 833 4037 sd
854 3982 957 4036 circum
978 3986 1072 4053 poeta,
1090 4001 1146 4040 uon
1165 3982 1240 4053 quod
1254 3982 1295 4037 ibi
1308 3984 1369 4038 ludi

193 4067 361 4123 haberentur
381 4068 472 4137 (Ouid.
496 4069 660 4138 a.a.196,
682 4078 745 4138 136,
767 4076 841 4142 163),
866 4073 915 4127 sed
939 4075 1015 4141 quod
1037 4073 1077 4128 ibi
1097 4076 1191 4129 essent
1208 4072 1368 4142 lupanaria:

195 4157 285 4227 Priap.
305 4165 348 4226 26,
370 4164 382 4211 1
403 4174 502 4228 mapno
516 4159 660 4214 ratissima
679 4162 750 4216 circo
766 4161 893 4231 Quintia,
911 4160 1007 4219 quen.
1022 4169 1047 4229 3,
1062 4169 1096 4216 66
1111 4163 1149 4216 ad
1162 4163 1266 4217 circam
1278 4163 1370 4218 iussas

193 4251 320 4314 prostare
339 4249 456 4316 puellas.
497 4265 515 4302 a
538 4249 611 4303 circo
635 4251 734 4319 pedem
759 4253 845 4321 poeta
867 4252 975 4321 profert
996 4266 1046 4320 per
1069 4250 1162 4304 uicum
1188 4249 1310 4307 Tuscum
1332 4251 1369 4305 ad

194 4335 283 4390 forum
310 4339 339 4388 et
367 4336 544 4405 Capitolium.
592 4338 621 4391 in
649 4358 704 4409 quo
733 4339 795 4394 uico
819 4339 909 4395 ’11111
936 4355 1074 4406 porroque
1098 4337 1126 4391 iu
1150 4339 1211 4394 foro
1233 4341 1369 4395 tabernas
