2940 4912
195 307 261 371 554
671 309 798 364 LXXVII
819 315 896 364 1-3.

195 470 384 540 desperationi
407 488 532 525 summae
556 471 610 525 ium
640 473 732 540 ipsum
760 471 851 540 magis
876 472 1021 541 magisque
1045 471 1220 527 consumenti
1248 470 1371 526 traditus

195 559 308 613 tandem
327 559 394 613 feeit
412 559 487 628 quod
506 560 596 614 uirum
616 560 719 614 bonum
738 561 902 628 firmumque
921 561 1014 616 facere
1028 561 1135 616 decuit:
1155 562 1186 616 in
1204 577 1287 615 omne
1300 563 1371 615 tem-

195 667 247 718 pos
271 649 385 719 abrupit
406 649 552 718 indignum
577 649 633 702 ium
659 668 686 704 se
710 666 842 704 amorem.
880 650 1036 719 hecquem
1056 667 1139 720 aegre
1159 667 1176 704 a
1194 666 1225 705 se
1247 649 1372 720 inpetra-

195 737 268 792 nerit
286 739 447 807 quantoque
466 756 529 792 enm
549 739 643 793 dolore
663 755 742 793 carae
761 739 886 793 mulieris
911 738 1064 809 imaginem
1083 757 1117 794 ex
1136 740 1230 794 animo
1249 737 1371 809 extirpa·

195 827 279 893 ucrit,
300 829 387 882 testes
406 831 471 881 sunt
489 826 519 881 hi
539 843 647 895 uersus,
672 828 773 897 quibus
797 828 863 882 deos
889 830 920 882 ut
947 846 980 882 cx
999 830 1115 883 uulnere
1139 830 1257 899 eccepto
1281 828 1372 898 possit

195 917 288 971 sanari
314 900 452 985 precatrir.
494 916 542 986 qui
570 934 667 971 uersus
696 935 729 972 eo
757 918 834 986 ipso,
858 917 933 987 quod
958 918 1017 972 sine
1040 921 1102 973 erte
1130 919 1213 987 longe
1242 918 1371 987 quaesitu

194 1007 385 1076 profluxerunt
408 1022 441 1060 ex
465 1010 565 1075 postue
589 1007 703 1075 pectore
727 1006 828 1060 intima
855 1006 921 1061 sedo
949 1010 1094 1075 mumulo,
1118 1008 1147 1062 et
1170 1023 1220 1061 nos
1243 1006 1372 1078 legentes

195 1095 305 1165 penitus
329 1098 497 1150 conmoueut
520 1099 578 1149 tem
602 1096 638 1151 ob
662 1095 812 1150 affectuum
838 1095 1045 1151 uehemenliam
1071 1097 1207 1166 grandem
1230 1113 1316 1166 quam
1335 1097 1371 1151 ob

195 1184 334 1240 sentiendi
352 1184 551 1254 cogitandique
570 1183 709 1239 rationem
727 1202 792 1240 uere
809 1186 970 1240 honestam:
991 1186 1056 1240 dum
1077 1185 1249 1241 admiramur
1268 1184 1371 1240 summi

195 1275 295 1344 poetae
315 1275 344 1327 in
367 1273 455 1329 sensis
479 1272 616 1340 dictisque
639 1273 987 1343 magnitudinem,·simul
1010 1276 1107 1330 flemus
1126 1292 1188 1329 curu
1209 1273 1323 1330 homine
1343 1277 1372 1330 ct

194 1362 338 1433 diligimus
357 1362 449 1417 uirum
468 1362 586 1432 probum
605 1362 772 1430 fortemque.

696 1518 864 1574 LXXVII.

268 1632 407 1703 1111111,
427 1632 501 1686 mllrl
522 1632 640 1686 trustra
659 1647 694 1687 ac
712 1632 911 1699 nequlequum
930 1633 1047 1688 credlte
1066 1634 1171 1689 umloc.
1199 1650 1284 1702 quem
1304 1633 1372 1687 ‘sru-

195 1723 275 1789 stru’,
296 1738 345 1792 spe
364 1721 500 1791 deceptus
519 1725 548 1775 el
562 1722 621 1776 sine
636 1721 751 1788 effectu,
771 1739 804 1775 ac
824 1721 1046 1791 ‘nequicquam’,
1066 1740 1115 1794 spe
1135 1724 1171 1777 ab
1189 1723 1271 1778 initio
1291 1739 1373 1778 cassa

196 1815 225 1866 et
243 1811 359 1866 rationis
379 1813 494 1880 egente,
514 1809 620 1865 credidi
639 1810 710 1864 mihi
724 1827 783 1865 esse
799 1812 919 1864 amicum
935 1816 1008 1879 (cum
1024 1812 1053 1866 ui
1067 1812 1230 1881 pronuntia:
1249 1811 1373 1867 amicum

196 1903 301 1955 certum
322 1903 493 1969 uerumque).
522 1897 651 1952 similiter
670 1899 814 1953 coniunxit
832 1916 987 1968 synonyma
1005 1897 1056 1953 illa
1070 1899 1154 1969 Apul.
1169 1902 1235 1955 mot.
1251 1899 1318 1953 VIII
1340 1907 1372 1955 16

194 1992 241 2044 scd
258 1992 437 2060 nequicquam
454 1991 562 2056 frustra
581 1989 702 2042 iiiuorem
721 1988 799 2041 illum
817 1989 886 2040 sutis
900 1989 1011 2041 inanem
1026 1989 1178 2056 persancti.
1208 1987 1373 2058 0‘amice’,

195 2077 354 2134 (i‘amico'
376 2078 519 2148 praebent.
558 2076 610 2129 hoc
634 2076 657 2129 si
676 2075 867 2145 amplecteris,
892 2074 1033 2130 sententia
1051 2076 1106 2131 erit
1128 2077 1229 2130 hacce:
1254 2075 1300 2131 cui
1320 2095 1373 2148 ego

195 2167 301 2222 amicus
321 2168 338 2222 f.
359 2183 391 2220 ac
410 2185 436 2221 n.
457 2166 538 2220 fidem
562 2164 650 2219 bubni
674 2166 720 2232 (cl.
740 2165 774 2218 de
799 2163 1006 2219 constructione
1029 2182 1064 2218 ex
1082 2164 1166 2234 Verg.
1185 2165 1255 2220 Aen.
1274 2166 1301 2220 II
1320 2173 1373 2222 217

195 2256 340 2312 notissima
364 2256 527 2310 Kuehncrus
551 2273 590 2324 gr-
616 2255 634 2307 l.
659 2255 684 2307 Il
707 2273 734 2323 p.
755 2259 808 2321 16).
850 2255 926 2324 prius
950 2254 974 2308 si
997 2253 1136 2324 praefers,
1159 2255 1249 2309 multo
1273 2255 1374 2310 fortius

195 2345 266 2400 dicit
284 2349 379 2415 poeta:
403 2361 486 2413 quem
512 2361 566 2413 ego
586 2343 604 2398 f.
629 2361 662 2398 ac
681 2362 707 2397 n.
733 2343 830 2413 putaui
854 2343 974 2397 amicum
999 2343 1175 2413 (Kuehnerus
1194 2345 1212 2398 l.
1232 2347 1250 2400 l.
1270 2363 1298 2415 p.
1319 2347 1373 2413 ll).

194 2439 224 2491 ct
247 2435 312 2489 hnic
337 2434 439 2488 rationi
462 2434 575 2488 accedit
597 2433 686 2487 maior
710 2432 778 2487 fides
803 2451 820 2487 a
843 2432 1064 2504 palaeographia
1088 2450 1212 2503 quoque,
1232 2433 1374 2503 siquidem

196 2524 337 2594 exquisita
359 2525 445 2579 lectio
470 2524 581 2577 ‘amice’
609 2523 744 2577 facillime
769 2522 799 2576 in
821 2522 919 2576 tritam
943 2523 1142 2594 uulgurcmque
1167 2523 1281 2578 ‘amieo’
1313 2541 1373 2580 cor·

194 2614 389 2683 rumpebatur,
408 2612 574 2668 difficillime
599 2629 679 2666 uersu
701 2611 762 2665 uice
788 2613 856 2666 haec
880 2611 908 2665 in
934 2611 1022 2666 illem.
1060 2629 1124 2665 nem
1144 2611 1225 2666 adest
1242 2611 1290 2667 hic
1309 2614 1373 2669 snb

194 2704 254 2758 tilis
273 2703 386 2771 quidum
407 2703 541 2756 sermonis
560 2701 643 2755 latini
663 2718 742 2769 usus,
766 2718 799 2755 ex
823 2716 878 2769 quo
898 2700 1091 2770 praedicatum
1111 2701 1240 2770 sequitur
1258 2703 1372 2771 partici-

195 2795 270 2864 pium
291 2810 341 2861 per
360 2792 526 2846 attributum
547 2788 681 2844 accedens
700 2789 845 2855 nocatiuo,
865 2793 898 2843 ut
915 2789 996 2859 Prop.
1013 2790 1036 2842 ll
1058 2794 1099 2857 lt,
1118 2795 1134 2842 1
1153 2791 1248 2845 lectule
1266 2792 1373 2847 deliciis

193 2886 265 2952 sueto
293 2885 367 2938 beate
394 2884 471 2949 rucis,
501 2880 549 2934 nbi
576 2880 641 2934 uide
670 2879 884 2948 Herlzbergium
908 2879 1083 2947 (Kuchnerus
1109 2880 1126 2933 l.
1151 2878 1169 2932 I.
1193 2898 1221 2949 p.
1241 2885 1314 2949 191).
1338 2911 1372 2922 -

194 2976 223 3029 t.
248 2970 382 3028 frustrat
411 2971 501 3025 lmuro
526 2985 635 3036 mogun
658 2984 725 3024 cnm
749 2968 850 3037 prctlo
875 2969 965 3036 utque
984 2968 1074 3024 mulo.
1111 2969 1141 3022 in
1160 2970 1325 3039 parenthesi
1343 2990 1373 3026 ss

194 3062 310 3132 corrigit
328 3064 426 3131 pocla:
447 3060 496 3113 sed
515 3058 581 3128 quid
602 3058 664 3112 dico
690 3074 742 3128 ego
764 3058 835 3111 ‘sine
855 3058 989 3112 effectu'?
1026 3058 1112 3113 immo
1131 3059 1226 3128 potius
1245 3059 1292 3114 hic
1313 3065 1375 3116 crat

194 3153 322 3219 effectus,
342 3155 374 3205 ut
393 3151 422 3203 id
442 3149 516 3218 qnod
536 3152 564 3202 te
584 3148 704 3202 amioum
726 3149 823 3216 putaui
843 3164 947 3217 magno
972 3147 1040 3202 mihi
1064 3149 1207 3203 constaret
1225 3166 1373 3219 magnam·

194 3259 247 3310 que
266 3241 380 3295 afferret
399 3237 600 3292 calamitatem.
630 3238 665 3289 do
684 3237 737 3290 hec
757 3237 858 3306 figura,
879 3233 1083 3305 ἐπιδιόρθωσιν
1103 3237 1149 3291 uel
1169 3233 1373 3306 ἐπανόρθωσιν

194 3346 278 3399 quarn
295 3329 398 3382 uocant
413 3325 547 3382 rhetorici
562 3326 793 3394 (ltVollrmannus
809 3325 875 3379 libri
892 3325 1041 3381 ‘Rhetorilr
1055 3327 1081 3380 d.
1097 3327 1142 3380 Gr.
1158 3346 1184 3381 u.
1202 3327 1244 3380 Β]
1263 3347 1289 3398 p.
1300 3334 1373 3397 423),

194 3420 229 3473 cl.
252 3437 293 3473 ex.
314 3436 354 3488 gr.
376 3416 431 3472 Cic.
453 3415 512 3470 Cat.
533 3415 544 3468 I
566 3422 589 3483 1,
609 3422 624 3469 2
644 3417 797 3469 dictamen
816 3417 896 3470 uiuit.
931 3415 1025 3469 uiuit?
1059 3417 1139 3470 inimo
1157 3433 1221 3471 aero
1239 3418 1324 3472 etium
1343 3420 1374 3473 in

195 3515 319 3565 senatum
340 3509 426 3563 uenit.
455 3506 515 3560 Ter.
532 3505 617 3561 Andr.
633 3505 671 3559 Ill
687 3510 711 3570 5,
727 3512 742 3558 4
762 3522 808 3576 epo
825 3507 944 3573 pretium
962 3507 1008 3574 (=
1023 3509 1155 3575 poenam)
1173 3506 1207 3560 ob
1224 3507 1374 3561 stultitiam

193 3602 265 3665 iero,
284 3597 352 3651 ibid.
368 3597 379 3649 l
397 3603 419 3663 l,
438 3602 486 3649 116
506 3597 574 3664 qaid
591 3596 682 3661 sacius
701 3596 745 3648 illi
764 3596 813 3663 qui
831 3595 936 3649 dederit
954 3597 1086 3649 danicum
1105 3600 1155 3649 cat
1173 3595 1290 3662 irratam3
1310 3596 1372 3651 Tib.

195 3690 203 3741 l
232 3695 261 3751 6,
285 3692 319 3740 52
349 3702 381 3739 ne
402 3688 496 3755 piqeat
518 3701 617 3754 niupno
638 3691 700 3753 post
723 3686 852 3738 didicisse
875 3686 953 3739 malo.
998 3683 1129 3740 AStatius
1152 3702 1195 3753 cp.
1219 3684 1374 3740 dictionem

194 3794 294 3845 inopem
317 3775 434 3828 mercede
458 3779 502 3840 (=
520 3773 623 3842 pretio)
647 3772 759 3842 saepius
783 3772 905 3827 obuiam.
949 3773 1045 3839 ‘cnm',
1069 3791 1126 3828 uua
1148 3791 1225 3842 eum,
1249 3775 1315 3840 sub,
1342 3780 1374 3830 ut

193 3867 255 3919 Ter.
277 3865 360 3918 Andr.
380 3862 405 3915 V
424 3869 454 3930 3,
475 3869 507 3916 10
526 3863 622 3916 babere
646 3864 741 3931 cupiet
760 3879 821 3915 cum
838 3878 942 3916 summo
958 3863 1077 3931 probro,
1098 3862 1145 3918 XL
1166 3868 1190 3918 8.
1209 3894 1243 3904 -
1263 3863 1293 3920 s.
1313 3865 1372 3921 slo-

191 3955 258 4011 eluo
278 3952 430 4021 subrepstl
450 3950 520 4005 mel.
549 3968 612 4004 cum
638 3967 741 4020 magno
765 3950 881 4004 affectu:
904 3968 1004 4006 reuera
1027 3951 1114 4022 igitur
1133 3951 1193 4007 ficri
1212 3952 1320 4022 potuit,
1340 3956 1374 4009 ut

192 4048 336 4113 tumquam
360 4041 458 4110 uipera
481 4043 621 4094 uenenata
649 4039 718 4092 mihi
747 4040 776 4093 in
799 4039 890 4093 sinum
915 4040 1096 4110 subreperes?
1139 4041 1174 4095 ef.
1198 4040 1285 4096 LXIV
1312 4049 1372 4098 182.

193 4132 271 4186 ‘mci’
294 4130 384 4200 prisce
404 4147 453 4199 pro
475 4131 546 4186 ‘mi’.
576 4130 611 4183 de
631 4145 751 4198 syncope
769 4129 932 4198 ‘subrepsti’
950 4129 985 4182 ef.
1002 4130 1182 4185 licuisset.
1199 4131 1216 4187 l.
1233 4132 1371 4203 lipom.

192 4223 228 4276 ad
247 4219 400 4290 imaginem
419 4223 484 4289 apte
506 4219 618 4272 Ellisins
638 4237 681 4288 cp.
700 4217 826 4287 Theogn.
847 4225 912 4284 602,
936 4220 984 4272 ubi
1004 4221 1037 4273 dc
1058 4221 1128 4274 falso
1148 4220 1239 4276 amico
1257 4219 1371 4292 ψυχρὰν

190 4306 222 4374 ὃς
241 4306 272 4365 ἐν
292 4307 385 4379 κόλπῳ
406 4312 533 4363 noradus
553 4306 625 4378 εἶχες
649 4304 731 4375 ὄφιν,
756 4310 818 4362 Seu.
838 4309 873 4362 ad
893 4308 977 4363 Iluro.
1000 4317 1012 4363 1
1040 4311 1102 4364 uide
1125 4327 1207 4379 quom
1233 4328 1291 4366 non
1308 4313 1372 4367 sisb-

189 4418 282 4472 repum
305 4399 357 4454 tibi
380 4401 436 4467 (mo
459 4399 511 4454 tibi
534 4399 672 4452 insinuem
697 4398 835 4465 libenter).
860 4430 894 4440 -
918 4400 1009 4467 utque
1034 4398 1180 4455 intestine
1204 4414 1369 4471 perurens.
