2940 4912
761 530 849 586 XLI.

292 642 320 700 1.
344 645 491 713 Ameana,
514 643 618 712 puella
636 643 787 698 defututa.
824 644 868 697 est
890 643 1023 698 meretrix
1045 643 1098 698 illa
1116 641 1297 710 Veronensis,
1317 641 1399 696 cuius

220 749 314 787 amore
333 733 458 787 deiectus
476 734 521 786 est
538 734 623 802 poeto
641 750 659 785 a
678 734 832 799 Mamurra3
852 733 886 785 cl.
907 747 991 801 supro
1008 751 1034 803 p.
1050 739 1085 786 38
1099 750 1154 800 sq.;
1173 747 1275 786 nomeu
1293 730 1398 802 ipsum,

220 821 294 890 quod
320 838 353 875 ex
380 821 508 875 codicum
535 820 664 875 ductibus
692 821 825 889 efficitur,
851 822 893 875 ite
916 821 1028 875 uidetur
1051 821 1248 891 explicandum
1267 836 1341 888 esse,
1365 824 1399 874 ut

219 927 295 964 more
321 910 412 979 priseo
437 913 465 965 et
488 910 656 980 prouinciali
680 911 799 980 simplex
823 926 945 966 consona
967 911 1030 985 loco
1054 909 1174 979 duplicis
1194 910 1262 977 (Cic.
1280 909 1318 963 ad
1335 908 1398 965 Ast.

217 997 306 1065 Vll,
328 1005 360 1052 13
383 1001 417 1054 de
435 1003 566 1068 Amiano)
590 1005 619 1055 et
639 1001 686 1054 ‘e’
711 1015 762 1069 pro
789 999 830 1053 ‘i'
857 999 950 1068 posita
973 1002 1101 1068 putetur,
1125 998 1283 1053 ‘Ameana’
1309 998 1399 1068 igitur

218 1088 314 1142 ualeat
327 1087 403 1155 quod
418 1089 508 1159 magis
524 1088 661 1143 urbanum
676 1093 737 1145 erat
752 1088 935 1154 ‘Ammisna';
954 1087 989 1142 cf.
1005 1087 1205 1142 Gl'roehnerus
1219 1105 1289 1142 mus.
1305 1087 1397 1143 ilhen.

216 1175 281 1230 Xlll
301 1195 326 1245 p.
345 1183 403 1231 140.
442 1194 498 1246 qua
517 1178 705 1248 explicatione
724 1195 781 1232 non
801 1176 926 1231 contenti
945 1177 994 1231 elii
1013 1175 1071 1231 alia
1090 1177 1243 1244 coniecere,
1261 1175 1397 1231 tolerabi-

217 1265 283 1319 liter
301 1266 440 1334 Heuptius
458 1266 611 1321 ‘Ametiue’
633 1269 661 1320 et
680 1266 844 1321 Schwebius
864 1265 1029 1331 ‘Annianu’3
1048 1264 1176 1319 mutandi
1196 1264 1396 1319 necessitatem

217 1354 313 1409 adesse
332 1353 462 1421 equidem
481 1370 567 1423 nego,
587 1371 650 1407 cum
669 1353 833 1422 praesertim
853 1353 882 1406 in
901 1351 945 1405 his
963 1351 1123 1406 nominibus
1141 1353 1263 1422 propriis
1282 1371 1395 1409 summa

217 1442 256 1496 sit
273 1460 343 1511 opus
363 1443 501 1498 cautione.
540 1442 701 1498 ‘defututa’
723 1442 863 1510 explicaui
886 1441 922 1495 ad
942 1440 1032 1494 XXIX
1053 1446 1095 1495 13,
1116 1472 1147 1480 -
1174 1441 1203 1496 2.
1222 1443 1289 1497 tota
1308 1443 1396 1498 millu

217 1546 264 1585 me
293 1532 393 1586 docem
422 1532 572 1601 poposcit.
616 1550 670 1586 uox
699 1533 768 1586 hoec
796 1531 941 1586 sollemnis
970 1529 999 1583 in
1028 1529 1211 1598 significando
1238 1531 1396 1601 uoluptatis

217 1621 347 1675 uoueriue
370 1622 462 1690 pretio
485 1621 627 1688 flagitato:
652 1622 740 1677 Lucil.
760 1620 850 1674 XXlX
876 1625 926 1674 109
945 1617 982 1673 Μ.
1006 1620 1088 1688 quine
1112 1618 1213 1688 (pueri)
1232 1627 1347 1688 possem
1371 1626 1396 1674 te

217 1712 321 1777 minas,
342 1711 408 1764 Hor.
424 1712 475 1764 set.
490 1709 515 1763 ΙΙ
531 1717 555 1778 7,
571 1717 605 1765 89
624 1713 743 1781 quicque
757 1711 862 1764 talento
879 1710 966 1777 poscit
985 1715 1010 1762 ie
1023 1709 1129 1764 mulier.
1157 1708 1278 1778 pretium
1293 1712 1394 1765 secter·

215 1798 319 1853 tiorum
339 1801 435 1854 decem
454 1799 563 1853 milium
583 1817 639 1854 uon
662 1816 712 1868 per
735 1819 765 1854 aa
784 1799 867 1852 nimis
886 1816 1018 1867 magnum
1042 1795 1131 1851 luisse
1154 1797 1267 1853 uidetur
1284 1796 1359 1867 (0111
1380 1806 1394 1854 1

215 1888 340 1942 soluerat
357 1888 429 1941 illud
448 1891 551 1959 poeta),
571 1889 620 1943 aed
638 1889 770 1943 nimirum
790 1906 823 1943 eo
842 1888 959 1957 indigue
973 1889 1034 1941 erat
1047 1887 1181 1941 Ameana.
1211 1887 1322 1956 ‘totoa’,
1338 1905 1395 1944 non

216 1975 307 2030 minus
331 1994 428 2045 quam,
452 1981 484 2031 ut
501 1978 563 2033 Ter.
582 1977 653 2031 Eun.
672 1978 698 2031 ll
716 1984 746 2044 2,
764 1983 799 2032 46
822 1995 870 2032 sex
892 1983 960 2031 totos
984 1978 1031 2030 lios
1054 1991 1169 2041 eremos,
1189 1975 1272 2044 Verg.
1293 1978 1395 2031 Aoml

216 2071 268 2119 272
288 2067 332 2119 liic
350 2069 406 2120 iarn
426 2073 465 2120 ter
479 2073 585 2121 centum
599 2073 667 2122 totos
681 2069 843 2136 reperebitur
857 2082 958 2133 annos,
977 2065 1014 2120 ad
1028 2065 1187 2134 augendam
1201 2064 1314 2119 mmaue
1329 2083 1394 2134 pre·

213 2155 283 2209 tium
305 2156 381 2209 feeit.
406 2187 439 2196 -
463 2155 494 2209 0.·
514 2156 576 2211 istc
598 2156 755 2225 turpiculo
778 2155 883 2224 puella
909 2169 993 2209 naso.
1029 2152 1142 2208 foedam
1160 2152 1262 2208 sociem
1279 2152 1394 2223 puellae

214 2243 261 2298 hic
276 2263 301 2298 u.
317 2246 442 2312 denotat,
462 2251 494 2299 ut
511 2246 536 2299 is
555 2245 604 2314 qui
619 2246 744 2314 sequitur
762 2245 886 2299 ciusdem
908 2244 1055 2298 uilitatem.
1084 2260 1148 2297 nem
1167 2241 1261 2312 turpia
1278 2245 1345 2297 aunt
1362 2243 1393 2297 in

214 2350 330 2404 corpore
349 2334 481 2401 humano,
500 2352 573 2404 quae
591 2335 621 2389 id
640 2335 785 2401 dedecent,
806 2336 837 2388 ut
856 2333 936 2388 Ouid.
957 2331 1018 2387 111
1038 2337 1088 2387 119
1107 2339 1201 2401 turpes
1219 2334 1264 2400 (ει
1283 2331 1394 2403 ioedoa)

215 2424 323 2487 uoltum
338 2440 388 2476 nec
404 2423 450 2476 hic
465 2423 603 2478 deminuit
616 2419 833 2491 ὑποκοριστικόν
848 2423 935 2492 (quod
948 2421 1031 2476 aliter
1045 2419 1183 2475 adhibent
1196 2419 1284 2474 Varro
1298 2421 1325 2476 d.
1338 2422 1358 2476 l.
1373 2420 1393 2476 l.

215 2510 265 2564 Vll
286 2518 319 2566 9⁷
344 2513 374 2565 et
397 2511 453 2566 Cic.
472 2513 499 2567 d.
519 2530 558 2568 or.
577 2512 603 2565 II
623 2520 670 2578 61,
689 2518 752 2580 218)
776 2513 823 2567 sod
848 2514 933 2581 auget
955 2509 1142 2579 intenditque.
1179 2509 1273 2579 posita
1295 2513 1392 2565 autem

213 2606 275 2655 eret
293 2603 364 2655 hoec
382 2603 443 2655 nasi
461 2600 582 2656 foeditas
601 2601 632 2654 in
650 2600 828 2673 longitudine
848 2599 946 2670 (XLlll
967 2602 1002 2669 1).
1041 2599 1120 2653 ‘ista'
1140 2601 1334 2668 contemptim.
1355 2631 1388 2641 -

213 2689 242 2742 4.
262 2690 432 2745 decoctoris
450 2691 547 2745 emico
565 2690 731 2745 lior-miani.
760 2690 926 2757 ‘decoctor’,
945 2691 972 2742 h.
988 2706 1011 2742 e.
1031 2687 1123 2757 isqui
1141 2705 1201 2742 rem
1219 2689 1390 2745 familiarem

213 2778 325 2833 decoxit
348 2779 407 2832 siue
431 2779 580 2848 dissipauit
604 2780 737 2849 (imagine
761 2779 892 2849 primitus
915 2779 951 2833 ab
971 2777 1025 2844 eis,
1051 2776 1100 2844 qui
1122 2777 1269 2832 metellum
1288 2777 1390 2832 confla

211 2865 293 2933 bunt,
320 2866 415 2935 ducta)
441 2885 528 2938 graue
554 2874 616 2922 erat
640 2869 714 2937 opud
739 2869 879 2922 Romanos
902 2867 1070 2932 conuitium,
1098 2864 1155 2920 Cic.
1175 2865 1257 2921 Catil.
1278 2865 1304 2920 ll
1323 2873 1389 2936 3,0

212 2957 358 3010 exercitum
378 2997 402 3010 ..
422 2959 611 3012 collectantes
632 2959 741 3011 seraitae
766 2959 929 3027 desperatis,
950 2956 996 3027 [es
1014 2957 1117 3025 opreati
1135 2955 1264 3026 luxurio]
1289 2973 1324 3011 ea
1340 2974 1389 3011 ra·

211 3046 288 3098 sticio
310 3047 507 3111 decoctoribus,
530 3047 579 3100 ubi
603 3050 731 3115 apertum
755 3046 894 3100 emblema
917 3044 1032 3111 seclusi,
1056 3045 1130 3098 idem
1149 3043 1221 3097 Phil.
1241 3044 1267 3097 ll
1289 3049 1335 3110 18,
1354 3051 1390 3099 44

212 3151 273 3188 cam
296 3140 361 3188 esset
384 3136 438 3203 lepe
461 3135 564 3188 Roscio
586 3134 770 3188 decoctoribus
793 3140 882 3187 certus
905 3135 994 3199 locas,
1022 3134 1152 3203 quemuis
1175 3134 1237 3201 qais
1258 3134 1390 3198 fortunae

211 3225 295 3290 uitio,
313 3240 370 3277 noa
388 3240 437 3276 oreo
456 3225 610 3277 decertaret.
648 3222 782 3290 loquendi
802 3238 877 3276 more
900 3221 981 3291 uulgi
1000 3221 1092 3291 megia
1111 3222 1225 3290 proprio
1244 3219 1388 3277 Mamurra

212 3329 245 3367 ex
268 3313 387 3367 Formiis
411 3312 543 3366 oriundus
567 3313 614 3382 (ad
635 3310 725 3364 XXlX
743 3318 773 3376 3,
797 3314 831 3365 cl'.
856 3315 885 3364 et
903 3311 977 3365 Lt'li
995 3319 1022 3379 4)
1046 3317 1163 3366 uocatur
1188 3311 1386 3366 ‘Formianos'

212 3401 260 3473 (ad
279 3404 354 3471 quod
374 3403 536 3457 ‘decoctor'
557 3402 668 3456 accedit
685 3401 849 3468 adiectiue),
874 3408 905 3455 ut
923 3401 1008 3457 homo
1032 3400 1162 3455 similiter
1182 3399 1258 3453 ‘sine
1277 3399 1387 3456 ratione

211 3492 383 3546 calculorum
403 3508 515 3545 suorum
535 3490 685 3560 prodigus'
710 3491 741 3544 L.
762 3489 874 3544 Cassius
893 3490 1027 3544 Nomenti
1050 3495 1133 3543 natus
1157 3488 1239 3543 audit
1264 3489 1389 3545 breuiter

212 3581 429 3634 ‘Nomentanus’
451 3580 526 3648 opud
545 3580 677 3634 Honsct.
695 3578 814 3647 11,1oa
835 3579 894 3647 (ubi
914 3580 948 3632 cf.
967 3577 1069 3648 Porph.
1089 3581 1118 3632 et
1135 3578 1275 3648 interpp).
1304 3579 1387 3633 huius

210 3668 332 3721 hominis
353 3669 508 3737 contempti
527 3668 602 3736 quod
623 3668 736 3721 ‘amica'
758 3663 818 3721 siue
837 3667 993 3722 concubino
1011 3667 1173 3737 appellatur
1191 3670 1331 3737 Ameana,
1349 3668 1387 3723 ad

211 3756 292 3809 huius
316 3773 426 3824 quoque
451 3763 643 3825 contemptum
666 3756 812 3810 redundat.
838 3788 869 3795 -
895 3757 928 3827 0,
952 3758 981 3809 o.
1006 3757 1185 3828 propinqui,
1205 3757 1316 3824 cultos
1339 3758 1388 3813 est

210 3846 313 3914 puelia
331 3861 438 3911 curae,
457 3846 569 3901 amicos
589 3845 780 3912 medicosque
799 3847 974 3900 conuocato.
1008 3845 1078 3899 dicit
1096 3844 1139 3914 0.,
1159 3853 1254 3900 mente
1272 3852 1387 3916 captam

209 3951 270 3988 esse
296 3933 430 3989 feminam
453 3934 535 3988 istam
561 3935 656 3989 decem
683 3935 811 3989 sestertia
833 3938 994 4004 poscentem
1022 3943 1051 3988 et
1074 3935 1100 3989 ei
1127 3940 1159 3989 ut
1183 3933 1299 3990 insanae
1328 3937 1386 3991 iam

208 4024 332 4078 dandum
351 4041 413 4078 esse
431 4040 449 4076 a
463 4030 591 4094 praetore
606 4029 775 4092 cunctorem,
795 4024 946 4079 secuudum
965 4025 1057 4093 legem
1072 4024 1123 4079 Xll
1138 4027 1299 4080 tabularum
1316 4026 1384 4096 (eie

209 4113 234 4168 d.
254 4115 311 4169 inu.
331 4114 355 4166 ll
375 4119 418 4181 50,
438 4120 489 4167 148
508 4117 537 4168 et
555 4115 634 4182 alibi)
653 4116 679 4168 ai
695 4116 819 4182 furiosas
837 4117 915 4179 escit,
938 4121 1071 4185 conatam
1088 4117 1287 4185 percutiamque
1303 4118 1337 4170 ia
1354 4134 1386 4172 co

204 4205 377 4271 pecuniaque
395 4205 454 4258 eius
468 4209 589 4271 potestus
615 4211 680 4269 esto,
706 4202 795 4258 Varro
814 4203 842 4258 d.
861 4222 882 4258 r.
902 4222 923 4256 r.
943 4202 954 4254 l
974 4208 990 4255 2
1014 4209 1100 4256 mente
1123 4210 1161 4257 est
1183 4208 1282 4272 captae
1304 4210 1386 4274 atque

208 4291 245 4344 od
264 4299 379 4359 operatos
397 4299 422 4346 ct
439 4295 553 4362 coctiles
571 4299 608 4348 est
627 4295 814 4359 deducendus,
834 4292 899 4348 llor.
920 4292 1001 4361 epist.
1018 4291 1030 4343 1
1047 4299 1069 4360 1,
1087 4298 1137 4347 101
1157 4295 1283 4348 insanire
1297 4301 1386 4363 potes

206 4381 349 4436 sollemnia
367 4399 408 4434 me
425 4400 510 4450 acque
528 4384 601 4436 rides
620 4400 668 4437 aec
686 4385 784 4438 medici
802 4384 889 4436 credis
906 4399 955 4435 aec
973 4385 1112 4436 curatoris
1129 4399 1204 4452 opere
1221 4399 1241 4437 c
1252 4390 1386 4453 praetore
