<?xml version="1.0" encoding="UTF-8"?>
<!DOCTYPE html PUBLIC "-//W3C//DTD XHTML 1.0 Transitional//EN"
    "http://www.w3.org/TR/xhtml1/DTD/xhtml1-transitional.dtd">
<html xmlns="http://www.w3.org/1999/xhtml" xml:lang="en" lang="en">
 <head>
  <title>
</title>
<meta http-equiv="Content-Type" content="text/html;charset=utf-8" />
  <meta name='ocr-system' content='tesseract 3.04.00' />
  <meta name='ocr-capabilities' content='ocr_page ocr_carea ocr_par ocr_line ocrx_word'/>
</head>
<body>
  <div class='ocr_page' id='page_1' title='image "./catulliveronens00baehgoog_0351.png"; bbox 0 0 2940 4912; ppageno 0'>
   <div class='ocr_carea' id='block_1_1' title="bbox 173 240 857 307">
    <p class='ocr_par' dir='ltr' id='par_1_1' title="bbox 173 240 857 307">
     <span class='ocr_line' id='line_1_1' title="bbox 173 240 857 307; baseline -0.018 0"><span class='ocrx_word' id='word_1_1' title='bbox 173 243 237 307; x_wconf 88' lang='grc'><strong>398</strong></span> <span class='ocrx_word' id='word_1_2' title='bbox 648 240 722 295; x_wconf 78' lang='grc'><strong>11111</strong></span> <span class='ocrx_word' id='word_1_3' title='bbox 740 245 857 295; x_wconf 79' lang='grc' dir='ltr'><strong>ιιι-ιι.</strong></span> 
     </span>
    </p>
   </div>
   <div class='ocr_carea' id='block_1_2' title="bbox 173 400 1353 1808">
    <p class='ocr_par' dir='ltr' id='par_1_2' title="bbox 173 400 1353 1808">
     <span class='ocr_line' id='line_1_2' title="bbox 173 400 1348 473; baseline -0.001 -15"><span class='ocrx_word' id='word_1_4' title='bbox 173 405 240 459; x_wconf 86' lang='lat' dir='ltr'><strong>licet</strong></span> <span class='ocrx_word' id='word_1_5' title='bbox 262 403 297 458; x_wconf 90' lang='lat' dir='ltr'><strong>de</strong></span> <span class='ocrx_word' id='word_1_6' title='bbox 325 403 437 472; x_wconf 84' lang='lat' dir='ltr'><strong>lacuna,</strong></span> <span class='ocrx_word' id='word_1_7' title='bbox 461 419 545 472; x_wconf 88' lang='lat' dir='ltr'><strong>quarn</strong></span> <span class='ocrx_word' id='word_1_8' title='bbox 572 421 589 457; x_wconf 87' lang='lat' dir='ltr'><strong>a</strong></span> <span class='ocrx_word' id='word_1_9' title='bbox 613 402 757 458; x_wconf 71' lang='lat' dir='ltr'><strong>codicibus</strong></span> <span class='ocrx_word' id='word_1_10' title='bbox 780 419 837 457; x_wconf 90' lang='lat' dir='ltr'><strong>non</strong></span> <span class='ocrx_word' id='word_1_11' title='bbox 861 400 1050 473; x_wconf 76' lang='lat' dir='ltr'><strong>significatam</strong></span> <span class='ocrx_word' id='word_1_12' title='bbox 1074 401 1170 458; x_wconf 91' lang='lat' dir='ltr'><strong>adesse</strong></span> <span class='ocrx_word' id='word_1_13' title='bbox 1194 400 1348 457; x_wconf 87' lang='lat' dir='ltr'><strong>certissime</strong></span> 
     </span>
     <span class='ocr_line' id='line_1_3' title="bbox 174 490 1350 548; baseline -0.003 -1"><span class='ocrx_word' id='word_1_14' title='bbox 174 492 261 548; x_wconf 90' lang='lat' dir='ltr'><strong>euicit</strong></span> <span class='ocrx_word' id='word_1_15' title='bbox 279 491 429 547; x_wconf 80' lang='lat' dir='ltr'><strong>Arruntius:</strong></span> <span class='ocrx_word' id='word_1_16' title='bbox 448 511 474 546; x_wconf 93' lang='lat' dir='ltr'><strong>u.</strong></span> <span class='ocrx_word' id='word_1_17' title='bbox 495 497 529 546; x_wconf 87' lang='grc'><strong>89</strong></span> <span class='ocrx_word' id='word_1_18' title='bbox 549 495 578 547; x_wconf 86' lang='lat' dir='ltr'><strong>et</strong></span> <span class='ocrx_word' id='word_1_19' title='bbox 597 498 631 546; x_wconf 87' lang='grc'><strong>98</strong></span> <span class='ocrx_word' id='word_1_20' title='bbox 650 494 711 547; x_wconf 83' lang='grc'><strong>1010</strong></span> <span class='ocrx_word' id='word_1_21' title='bbox 731 493 765 546; x_wconf 91' lang='lat' dir='ltr'><strong>ut</strong></span> <span class='ocrx_word' id='word_1_22' title='bbox 781 491 860 546; x_wconf 90' lang='lat' dir='ltr'><strong>aiunt</strong></span> <span class='ocrx_word' id='word_1_23' title='bbox 878 491 958 546; x_wconf 88' lang='lat' dir='ltr'><strong>eaelo</strong></span> <span class='ocrx_word' id='word_1_24' title='bbox 977 490 1050 546; x_wconf 85' lang='lat' dir='ltr'><strong>inter</strong></span> <span class='ocrx_word' id='word_1_25' title='bbox 1068 509 1097 545; x_wconf 90' lang='lat' dir='ltr'><strong>se</strong></span> <span class='ocrx_word' id='word_1_26' title='bbox 1112 491 1281 546; x_wconf 82' lang='lat' dir='ltr'><strong>discordant</strong></span> <span class='ocrx_word' id='word_1_27' title='bbox 1320 492 1350 544; x_wconf 92' lang='lat' dir='ltr'><strong>et</strong></span> 
     </span>
     <span class='ocr_line' id='line_1_4' title="bbox 173 579 1349 651; baseline -0.002 -15"><span class='ocrx_word' id='word_1_28' title='bbox 173 580 220 637; x_wconf 89' lang='lat' dir='ltr'><strong>hic</strong></span> <span class='ocrx_word' id='word_1_29' title='bbox 243 599 306 636; x_wconf 90' lang='lat' dir='ltr'><strong>cum</strong></span> <span class='ocrx_word' id='word_1_30' title='bbox 329 581 435 651; x_wconf 80' lang='lat' dir='ltr'>priores</span> <span class='ocrx_word' id='word_1_31' title='bbox 458 581 524 635; x_wconf 90' lang='lat' dir='ltr'><strong>inde</strong></span> <span class='ocrx_word' id='word_1_32' title='bbox 549 581 585 635; x_wconf 88' lang='lat' dir='ltr'><strong>ab</strong></span> <span class='ocrx_word' id='word_1_33' title='bbox 605 579 718 635; x_wconf 91' lang='lat' dir='ltr'><strong>IVossio</strong></span> <span class='ocrx_word' id='word_1_34' title='bbox 738 585 845 635; x_wconf 76' lang='grc'><strong>99-81</strong></span> <span class='ocrx_word' id='word_1_35' title='bbox 864 581 979 651; x_wconf 84' lang='lat' dir='ltr'><strong>puellis,</strong></span> <span class='ocrx_word' id='word_1_36' title='bbox 998 585 1104 635; x_wconf 85' lang='grc'><strong>88-88</strong></span> <span class='ocrx_word' id='word_1_37' title='bbox 1123 579 1349 635; x_wconf 73' lang='lat' dir='ltr'><strong>adulescentibus</strong></span> 
     </span>
     <span class='ocr_line' id='line_1_5' title="bbox 174 667 1349 740; baseline -0.003 -15"><span class='ocrx_word' id='word_1_38' title='bbox 174 670 380 740; x_wconf 75' lang='lat' dir='ltr'><strong>attribuissent,</strong></span> <span class='ocrx_word' id='word_1_39' title='bbox 408 669 474 725; x_wconf 88' lang='lat' dir='ltr'><strong>inde</strong></span> <span class='ocrx_word' id='word_1_40' title='bbox 503 686 521 723; x_wconf 88' lang='lat' dir='ltr'><strong>a</strong></span> <span class='ocrx_word' id='word_1_41' title='bbox 543 670 722 724; x_wconf 86' lang='lat' dir='ltr'><strong>Lachmanno</strong></span> <span class='ocrx_word' id='word_1_42' title='bbox 750 668 876 739; x_wconf 77' lang='lat' dir='ltr'><strong>plerique</strong></span> <span class='ocrx_word' id='word_1_43' title='bbox 902 669 1114 737; x_wconf 84' lang='lat' dir='ltr'><strong>intellexerunt,</strong></span> <span class='ocrx_word' id='word_1_44' title='bbox 1141 667 1251 738; x_wconf 86' lang='lat' dir='ltr'><strong>puellas</strong></span> <span class='ocrx_word' id='word_1_45' title='bbox 1276 683 1349 722; x_wconf 86' lang='lat' dir='ltr'><strong>nuno</strong></span> 
     </span>
     <span class='ocr_line' id='line_1_6' title="bbox 175 757 1349 830; baseline -0.003 -15"><span class='ocrx_word' id='word_1_46' title='bbox 175 762 292 829; x_wconf 88' lang='lat' dir='ltr'><strong>coeptae</strong></span> <span class='ocrx_word' id='word_1_47' title='bbox 306 759 423 830; x_wconf 87' lang='lat' dir='ltr'><strong>Hesperi</strong></span> <span class='ocrx_word' id='word_1_48' title='bbox 442 760 496 815; x_wconf 93' lang='lat' dir='ltr'><strong>sibi</strong></span> <span class='ocrx_word' id='word_1_49' title='bbox 516 757 621 829; x_wconf 76' lang='lat' dir='ltr'><strong>ingrati</strong></span> <span class='ocrx_word' id='word_1_50' title='bbox 639 758 809 814; x_wconf 86' lang='lat' dir='ltr'><strong>incusationi</strong></span> <span class='ocrx_word' id='word_1_51' title='bbox 824 759 916 814; x_wconf 86' lang='lat' dir='ltr'><strong>acrius</strong></span> <span class='ocrx_word' id='word_1_52' title='bbox 931 759 1067 814; x_wconf 75' lang='lat' dir='ltr'><strong>instantes</strong></span> <span class='ocrx_word' id='word_1_53' title='bbox 1082 758 1111 813; x_wconf 91' lang='lat' dir='ltr'><strong>in</strong></span> <span class='ocrx_word' id='word_1_54' title='bbox 1126 776 1189 813; x_wconf 86' lang='lat' dir='ltr'><strong>eum</strong></span> <span class='ocrx_word' id='word_1_55' title='bbox 1203 761 1349 826; x_wconf 91' lang='lat' dir='ltr'><strong>tamquam</strong></span> 
     </span>
     <span class='ocr_line' id='line_1_7' title="bbox 174 846 1349 918; baseline -0.003 -15"><span class='ocrx_word' id='word_1_56' title='bbox 174 851 262 904; x_wconf 86' lang='lat' dir='ltr'><strong>iurem</strong></span> <span class='ocrx_word' id='word_1_57' title='bbox 291 849 399 916; x_wconf 90' lang='lat' dir='ltr'><strong>inuehi,</strong></span> <span class='ocrx_word' id='word_1_58' title='bbox 428 849 546 903; x_wconf 90' lang='lat' dir='ltr'><strong>docente</strong></span> <span class='ocrx_word' id='word_1_59' title='bbox 574 846 751 916; x_wconf 86' lang='lat' dir='ltr'><strong>antistrophe</strong></span> <span class='ocrx_word' id='word_1_60' title='bbox 774 848 907 903; x_wconf 89' lang='lat' dir='ltr'><strong>iuuenum</strong></span> <span class='ocrx_word' id='word_1_61' title='bbox 929 847 999 902; x_wconf 81' lang='lat' dir='ltr'><strong>iuris</strong></span> <span class='ocrx_word' id='word_1_62' title='bbox 1023 847 1203 918; x_wconf 88' lang='lat' dir='ltr'><strong>opprobrium</strong></span> <span class='ocrx_word' id='word_1_63' title='bbox 1227 863 1246 900; x_wconf 85' lang='lat' dir='ltr'><strong>a</strong></span> <span class='ocrx_word' id='word_1_64' title='bbox 1268 849 1349 917; x_wconf 78' lang='lat' dir='ltr'><strong>grato</strong></span> 
     </span>
     <span class='ocr_line' id='line_1_8' title="bbox 175 936 1349 1008; baseline -0.002 -16"><span class='ocrx_word' id='word_1_65' title='bbox 175 938 228 993; x_wconf 90' lang='lat' dir='ltr'><strong>sihi</strong></span> <span class='ocrx_word' id='word_1_66' title='bbox 255 939 427 1008; x_wconf 83' lang='lat' dir='ltr'><strong>acceptoque</strong></span> <span class='ocrx_word' id='word_1_67' title='bbox 455 937 547 993; x_wconf 89' lang='lat' dir='ltr'><strong>sidere</strong></span> <span class='ocrx_word' id='word_1_68' title='bbox 570 937 740 1006; x_wconf 78' lang='lat' dir='ltr'><strong>arcentium3</strong></span> <span class='ocrx_word' id='word_1_69' title='bbox 771 938 945 993; x_wconf 82' lang='lat' dir='ltr'><strong>intercidisse</strong></span> <span class='ocrx_word' id='word_1_70' title='bbox 973 936 1060 1008; x_wconf 81' lang='lat' dir='ltr'><strong>igitur</strong></span> <span class='ocrx_word' id='word_1_71' title='bbox 1083 938 1218 992; x_wconf 88' lang='lat' dir='ltr'><strong>maiorem</strong></span> <span class='ocrx_word' id='word_1_72' title='bbox 1241 939 1349 1007; x_wconf 85' lang='lat' dir='ltr'><strong>partem</strong></span> 
     </span>
     <span class='ocr_line' id='line_1_9' title="bbox 176 1023 1349 1097; baseline -0.003 -15"><span class='ocrx_word' id='word_1_73' title='bbox 176 1029 275 1082; x_wconf 88' lang='lat' dir='ltr'><strong>cantus</strong></span> <span class='ocrx_word' id='word_1_74' title='bbox 293 1027 437 1096; x_wconf 90' lang='lat' dir='ltr'><strong>puellaris,</strong></span> <span class='ocrx_word' id='word_1_75' title='bbox 455 1028 516 1081; x_wconf 88' lang='lat' dir='ltr'><strong>tum</strong></span> <span class='ocrx_word' id='word_1_76' title='bbox 535 1027 602 1096; x_wconf 88' lang='lat' dir='ltr'><strong>post</strong></span> <span class='ocrx_word' id='word_1_77' title='bbox 618 1045 646 1080; x_wconf 92' lang='lat' dir='ltr'><strong>u.</strong></span> <span class='ocrx_word' id='word_1_78' title='bbox 661 1026 859 1081; x_wconf 84' lang='lat' dir='ltr'><strong>intercalarem</strong></span> <span class='ocrx_word' id='word_1_79' title='bbox 877 1025 989 1081; x_wconf 90' lang='lat' dir='ltr'><strong>initium</strong></span> <span class='ocrx_word' id='word_1_80' title='bbox 1005 1023 1194 1097; x_wconf 81' lang='lat' dir='ltr'><strong>responsionis</strong></span> <span class='ocrx_word' id='word_1_81' title='bbox 1207 1024 1349 1080; x_wconf 89' lang='lat' dir='ltr'><strong>iuuenum.</strong></span> 
     </span>
     <span class='ocr_line' id='line_1_10' title="bbox 175 1113 1350 1184; baseline -0.002 -14"><span class='ocrx_word' id='word_1_82' title='bbox 175 1132 322 1170; x_wconf 89' lang='lat' dir='ltr'><strong>numerum</strong></span> <span class='ocrx_word' id='word_1_83' title='bbox 341 1118 436 1170; x_wconf 89' lang='lat' dir='ltr'><strong>autem</strong></span> <span class='ocrx_word' id='word_1_84' title='bbox 454 1132 584 1169; x_wconf 89' lang='lat' dir='ltr'><strong>uersuum</strong></span> <span class='ocrx_word' id='word_1_85' title='bbox 604 1129 667 1168; x_wconf 85' lang='lat' dir='ltr'><strong>cum</strong></span> <span class='ocrx_word' id='word_1_86' title='bbox 687 1113 736 1168; x_wconf 89' lang='lat' dir='ltr'><strong>alii</strong></span> <span class='ocrx_word' id='word_1_87' title='bbox 755 1115 841 1169; x_wconf 90' lang='lat' dir='ltr'><strong>alium</strong></span> <span class='ocrx_word' id='word_1_88' title='bbox 860 1113 946 1170; x_wconf 82' lang='lat' dir='ltr'><strong>fuisse</strong></span> <span class='ocrx_word' id='word_1_89' title='bbox 966 1115 1020 1169; x_wconf 89' lang='lat' dir='ltr'><strong>sibi</strong></span> <span class='ocrx_word' id='word_1_90' title='bbox 1038 1114 1241 1184; x_wconf 81' lang='lat' dir='ltr'><strong>persuaserint,</strong></span> <span class='ocrx_word' id='word_1_91' title='bbox 1265 1114 1350 1184; x_wconf 92' lang='lat' dir='ltr'><strong>pleri-</strong></span> 
     </span>
     <span class='ocr_line' id='line_1_11' title="bbox 176 1201 1350 1274; baseline -0.003 -15"><span class='ocrx_word' id='word_1_92' title='bbox 176 1222 230 1274; x_wconf 87' lang='lat' dir='ltr'><strong>que</strong></span> <span class='ocrx_word' id='word_1_93' title='bbox 249 1204 429 1259; x_wconf 87' lang='lat' dir='ltr'><strong>consentiunt</strong></span> <span class='ocrx_word' id='word_1_94' title='bbox 447 1203 477 1257; x_wconf 92' lang='lat' dir='ltr'><strong>in</strong></span> <span class='ocrx_word' id='word_1_95' title='bbox 495 1201 618 1273; x_wconf 89' lang='lat' dir='ltr'><strong>quinque</strong></span> <span class='ocrx_word' id='word_1_96' title='bbox 638 1202 738 1257; x_wconf 85' lang='lat' dir='ltr'><strong>cantus</strong></span> <span class='ocrx_word' id='word_1_97' title='bbox 756 1203 890 1272; x_wconf 89' lang='lat' dir='ltr'><strong>puellaris</strong></span> <span class='ocrx_word' id='word_1_98' title='bbox 904 1203 1030 1259; x_wconf 90' lang='lat' dir='ltr'><strong>uersibus</strong></span> <span class='ocrx_word' id='word_1_99' title='bbox 1045 1207 1074 1258; x_wconf 89' lang='lat' dir='ltr'><strong>et</strong></span> <span class='ocrx_word' id='word_1_100' title='bbox 1087 1220 1142 1258; x_wconf 91' lang='lat' dir='ltr'><strong>uno</strong></span> <span class='ocrx_word' id='word_1_101' title='bbox 1158 1202 1350 1272; x_wconf 88' lang='lat' dir='ltr'><strong>antistrophae</strong></span> 
     </span>
     <span class='ocr_line' id='line_1_12' title="bbox 176 1291 1353 1362; baseline -0.002 -14"><span class='ocrx_word' id='word_1_102' title='bbox 176 1311 259 1349; x_wconf 89' lang='lat' dir='ltr'><strong>uersu</strong></span> <span class='ocrx_word' id='word_1_103' title='bbox 278 1293 395 1347; x_wconf 88' lang='lat' dir='ltr'><strong>amissis.</strong></span> <span class='ocrx_word' id='word_1_104' title='bbox 433 1291 656 1361; x_wconf 80' lang='lat' dir='ltr'><strong>qundoquidem</strong></span> <span class='ocrx_word' id='word_1_105' title='bbox 675 1295 827 1362; x_wconf 89' lang='lat' dir='ltr'><strong>propterea</strong></span> <span class='ocrx_word' id='word_1_106' title='bbox 844 1293 940 1362; x_wconf 91' lang='lat' dir='ltr'><strong>probo,</strong></span> <span class='ocrx_word' id='word_1_107' title='bbox 961 1293 1035 1361; x_wconf 92' lang='lat' dir='ltr'><strong>quod</strong></span> <span class='ocrx_word' id='word_1_108' title='bbox 1053 1291 1291 1346; x_wconf 88' lang='lat' dir='ltr'><strong>uerisimillimnm</strong></span> <span class='ocrx_word' id='word_1_109' title='bbox 1310 1295 1353 1346; x_wconf 91' lang='lat' dir='ltr'><strong>est</strong></span> 
     </span>
     <span class='ocr_line' id='line_1_13' title="bbox 177 1379 1351 1452; baseline -0.001 -15"><span class='ocrx_word' id='word_1_110' title='bbox 177 1382 286 1452; x_wconf 87' lang='lat' dir='ltr'><strong>puellas</strong></span> <span class='ocrx_word' id='word_1_111' title='bbox 309 1381 380 1436; x_wconf 89' lang='lat' dir='ltr'><strong>illud</strong></span> <span class='ocrx_word' id='word_1_112' title='bbox 406 1380 545 1436; x_wconf 86' lang='lat' dir='ltr'><strong>‘abstulit&#39;</strong></span> <span class='ocrx_word' id='word_1_113' title='bbox 573 1379 817 1450; x_wconf 78' lang='lat' dir='ltr'><strong>stabilitnras⁶(cs.</strong></span> <span class='ocrx_word' id='word_1_114' title='bbox 838 1400 863 1436; x_wconf 90' lang='lat' dir='ltr'><strong>n.</strong></span> <span class='ocrx_word' id='word_1_115' title='bbox 883 1384 928 1450; x_wconf 89' lang='grc'><strong>91)</strong></span> <span class='ocrx_word' id='word_1_116' title='bbox 952 1382 1107 1451; x_wconf 87' lang='lat' dir='ltr'><strong>perrexisse</strong></span> <span class='ocrx_word' id='word_1_117' title='bbox 1125 1398 1176 1451; x_wconf 86' lang='lat' dir='ltr'><strong>per</strong></span> <span class='ocrx_word' id='word_1_118' title='bbox 1195 1382 1351 1450; x_wconf 71' lang='lat' dir='ltr'><strong>‘namque’,</strong></span> 
     </span>
     <span class='ocr_line' id='line_1_14' title="bbox 177 1467 1352 1542; baseline 0.001 -18"><span class='ocrx_word' id='word_1_119' title='bbox 177 1471 252 1542; x_wconf 89' lang='lat' dir='ltr'><strong>quod</strong></span> <span class='ocrx_word' id='word_1_120' title='bbox 270 1471 385 1524; x_wconf 84' lang='lat' dir='ltr'><strong>iuuenes</strong></span> <span class='ocrx_word' id='word_1_121' title='bbox 405 1485 482 1524; x_wconf 90' lang='lat' dir='ltr'><strong>more</strong></span> <span class='ocrx_word' id='word_1_122' title='bbox 501 1485 550 1524; x_wconf 91' lang='lat' dir='ltr'><strong>suo</strong></span> <span class='ocrx_word' id='word_1_123' title='bbox 570 1467 615 1537; x_wconf 79' lang='lat' dir='ltr'><strong>(cf.</strong></span> <span class='ocrx_word' id='word_1_124' title='bbox 635 1472 680 1539; x_wconf 89' lang='grc'><strong>97)</strong></span> <span class='ocrx_word' id='word_1_125' title='bbox 699 1468 871 1539; x_wconf 79' lang='lat' dir='ltr'><strong>repetierint</strong></span> <span class='ocrx_word' id='word_1_126' title='bbox 910 1469 975 1524; x_wconf 89' lang='lat' dir='ltr'><strong>hinc</strong></span> <span class='ocrx_word' id='word_1_127' title='bbox 995 1473 1025 1524; x_wconf 90' lang='lat' dir='ltr'><strong>et</strong></span> <span class='ocrx_word' id='word_1_128' title='bbox 1043 1470 1077 1524; x_wconf 89' lang='lat' dir='ltr'><strong>de</strong></span> <span class='ocrx_word' id='word_1_129' title='bbox 1090 1487 1206 1525; x_wconf 89' lang='lat' dir='ltr'><strong>numero</strong></span> <span class='ocrx_word' id='word_1_130' title='bbox 1219 1486 1352 1525; x_wconf 87' lang='lat' dir='ltr'><strong>uersuum</strong></span> 
     </span>
     <span class='ocr_line' id='line_1_15' title="bbox 176 1557 1352 1629; baseline 0 -15"><span class='ocrx_word' id='word_1_131' title='bbox 176 1560 392 1627; x_wconf 88' lang='lat' dir='ltr'><strong>interlapsomm</strong></span> <span class='ocrx_word' id='word_1_132' title='bbox 410 1560 495 1629; x_wconf 88' lang='lat' dir='ltr'><strong>plane</strong></span> <span class='ocrx_word' id='word_1_133' title='bbox 514 1559 624 1614; x_wconf 86' lang='lat' dir='ltr'><strong>constat</strong></span> <span class='ocrx_word' id='word_1_134' title='bbox 643 1561 672 1612; x_wconf 89' lang='lat' dir='ltr'><strong>et</strong></span> <span class='ocrx_word' id='word_1_135' title='bbox 690 1558 725 1612; x_wconf 93' lang='lat' dir='ltr'><strong>de</strong></span> <span class='ocrx_word' id='word_1_136' title='bbox 754 1557 862 1627; x_wconf 77' lang='lat' dir='ltr'><strong>origine</strong></span> <span class='ocrx_word' id='word_1_137' title='bbox 888 1559 966 1613; x_wconf 86' lang='lat' dir='ltr'><strong>uitii:</strong></span> <span class='ocrx_word' id='word_1_138' title='bbox 994 1575 1012 1612; x_wconf 98' lang='lat' dir='ltr'><strong>a</strong></span> <span class='ocrx_word' id='word_1_139' title='bbox 1029 1557 1122 1629; x_wconf 87' lang='lat' dir='ltr'><strong>priore</strong></span> <span class='ocrx_word' id='word_1_140' title='bbox 1148 1559 1290 1628; x_wconf 79' lang='lat' dir='ltr'><strong>‘namque’</strong></span> <span class='ocrx_word' id='word_1_141' title='bbox 1316 1559 1352 1614; x_wconf 89' lang='lat' dir='ltr'><strong>ad</strong></span> 
     </span>
     <span class='ocr_line' id='line_1_16' title="bbox 178 1646 1353 1718; baseline 0 -15"><span class='ocrx_word' id='word_1_142' title='bbox 178 1649 297 1703; x_wconf 87' lang='lat' dir='ltr'><strong>alterum</strong></span> <span class='ocrx_word' id='word_1_143' title='bbox 312 1649 455 1704; x_wconf 85' lang='lat' dir='ltr'><strong>aberrauit</strong></span> <span class='ocrx_word' id='word_1_144' title='bbox 469 1648 601 1702; x_wconf 89' lang='lat' dir='ltr'><strong>librarius</strong></span> <span class='ocrx_word' id='word_1_145' title='bbox 615 1646 770 1716; x_wconf 84' lang='lat' dir='ltr'><strong>archetypi.</strong></span> <span class='ocrx_word' id='word_1_146' title='bbox 799 1648 931 1703; x_wconf 88' lang='lat' dir='ltr'><strong>uidentur</strong></span> <span class='ocrx_word' id='word_1_147' title='bbox 943 1651 1037 1702; x_wconf 85' lang='lat' dir='ltr'><strong>autem</strong></span> <span class='ocrx_word' id='word_1_148' title='bbox 1048 1646 1160 1718; x_wconf 84' lang='lat' dir='ltr'><strong>puellae</strong></span> <span class='ocrx_word' id='word_1_149' title='bbox 1169 1648 1224 1703; x_wconf 90' lang='lat' dir='ltr'><strong>hoc</strong></span> <span class='ocrx_word' id='word_1_150' title='bbox 1233 1649 1353 1703; x_wconf 83' lang='lat' dir='ltr'><strong>maxime</strong></span> 
     </span>
     <span class='ocr_line' id='line_1_17' title="bbox 177 1735 1353 1808; baseline 0.003 -17"><span class='ocrx_word' id='word_1_151' title='bbox 177 1737 208 1791; x_wconf 92' lang='lat' dir='ltr'><strong>in</strong></span> <span class='ocrx_word' id='word_1_152' title='bbox 227 1738 380 1807; x_wconf 88' lang='lat' dir='ltr'><strong>Hesperum</strong></span> <span class='ocrx_word' id='word_1_153' title='bbox 400 1736 552 1793; x_wconf 87' lang='lat' dir='ltr'><strong>coniecisse</strong></span> <span class='ocrx_word' id='word_1_154' title='bbox 571 1736 689 1803; x_wconf 74' lang='lat' dir='ltr'><strong>cumen,</strong></span> <span class='ocrx_word' id='word_1_155' title='bbox 709 1737 785 1806; x_wconf 89' lang='lat' dir='ltr'><strong>quod</strong></span> <span class='ocrx_word' id='word_1_156' title='bbox 804 1736 841 1792; x_wconf 90' lang='lat' dir='ltr'><strong>sit</strong></span> <span class='ocrx_word' id='word_1_157' title='bbox 858 1738 993 1808; x_wconf 88' lang='lat' dir='ltr'><strong>patronus</strong></span> <span class='ocrx_word' id='word_1_158' title='bbox 1012 1738 1160 1807; x_wconf 83' lang='lat' dir='ltr'><strong>fautorque</strong></span> <span class='ocrx_word' id='word_1_159' title='bbox 1178 1735 1281 1805; x_wconf 84' lang='lat' dir='ltr'><strong>lurum,</strong></span> <span class='ocrx_word' id='word_1_160' title='bbox 1299 1739 1353 1794; x_wconf 86' lang='lat' dir='ltr'><strong>hac</strong></span> 
     </span>
    </p>
   </div>
   <div class='ocr_carea' id='block_1_3' title="bbox 73 1825 1353 1897">
    <p class='ocr_par' dir='ltr' id='par_1_3' title="bbox 73 1825 1353 1897">
     <span class='ocr_line' id='line_1_18' title="bbox 73 1825 1353 1897; baseline -0.001 -15"><span class='ocrx_word' id='word_1_161' title='bbox 73 1846 76 1853; x_wconf 91' lang='lat'>·</span> <span class='ocrx_word' id='word_1_162' title='bbox 177 1843 246 1882; x_wconf 89' lang='lat' dir='ltr'><strong>uoce</strong></span> <span class='ocrx_word' id='word_1_163' title='bbox 266 1828 486 1897; x_wconf 83' lang='lat' dir='ltr'><strong>perstringentes</strong></span> <span class='ocrx_word' id='word_1_164' title='bbox 505 1826 682 1896; x_wconf 88' lang='lat' dir='ltr'><strong>potissimum</strong></span> <span class='ocrx_word' id='word_1_165' title='bbox 702 1827 843 1880; x_wconf 87' lang='lat' dir='ltr'><strong>amatores</strong></span> <span class='ocrx_word' id='word_1_166' title='bbox 863 1826 979 1896; x_wconf 89' lang='lat' dir='ltr'><strong>cupidos</strong></span> <span class='ocrx_word' id='word_1_167' title='bbox 997 1828 1081 1896; x_wconf 89' lang='lat' dir='ltr'><strong>(qnae</strong></span> <span class='ocrx_word' id='word_1_168' title='bbox 1096 1825 1206 1881; x_wconf 85' lang='lat' dir='ltr'><strong>adlusio</strong></span> <span class='ocrx_word' id='word_1_169' title='bbox 1221 1827 1308 1882; x_wconf 83' lang='lat' dir='ltr'><strong>etiam</strong></span> <span class='ocrx_word' id='word_1_170' title='bbox 1323 1828 1353 1882; x_wconf 93' lang='lat' dir='ltr'><strong>in</strong></span> 
     </span>
    </p>
   </div>
   <div class='ocr_carea' id='block_1_4' title="bbox 179 1913 1361 3858">
    <p class='ocr_par' dir='ltr' id='par_1_4' title="bbox 179 1913 1361 3858">
     <span class='ocr_line' id='line_1_19' title="bbox 179 1913 1353 1986; baseline 0 -15"><span class='ocrx_word' id='word_1_171' title='bbox 179 1915 354 1986; x_wconf 86' lang='lat' dir='ltr'><strong>antistropha</strong></span> <span class='ocrx_word' id='word_1_172' title='bbox 377 1917 531 1985; x_wconf 87' lang='lat' dir='ltr'><strong>conparet).</strong></span> <span class='ocrx_word' id='word_1_173' title='bbox 572 1915 638 1969; x_wconf 90' lang='lat' dir='ltr'><strong>huic</strong></span> <span class='ocrx_word' id='word_1_174' title='bbox 661 1913 771 1969; x_wconf 89' lang='lat' dir='ltr'><strong>crimini</strong></span> <span class='ocrx_word' id='word_1_175' title='bbox 794 1916 835 1969; x_wconf 90' lang='lat' dir='ltr'><strong>sic</strong></span> <span class='ocrx_word' id='word_1_176' title='bbox 860 1914 974 1970; x_wconf 88' lang='lat' dir='ltr'><strong>obuiam</strong></span> <span class='ocrx_word' id='word_1_177' title='bbox 997 1918 1065 1970; x_wconf 88' lang='lat' dir='ltr'><strong>eunt</strong></span> <span class='ocrx_word' id='word_1_178' title='bbox 1086 1915 1214 1983; x_wconf 88' lang='lat' dir='ltr'><strong>iuuenes,</strong></span> <span class='ocrx_word' id='word_1_179' title='bbox 1237 1919 1270 1971; x_wconf 91' lang='lat' dir='ltr'><strong>ut</strong></span> <span class='ocrx_word' id='word_1_180' title='bbox 1293 1917 1353 1971; x_wconf 90' lang='lat' dir='ltr'><strong>sine</strong></span> 
     </span>
     <span class='ocr_line' id='line_1_20' title="bbox 180 2003 1354 2076; baseline 0.003 -17"><span class='ocrx_word' id='word_1_181' title='bbox 180 2020 263 2059; x_wconf 89' lang='lat' dir='ltr'><strong>causa</strong></span> <span class='ocrx_word' id='word_1_182' title='bbox 280 2003 355 2059; x_wconf 88' lang='lat' dir='ltr'><strong>iusta</strong></span> <span class='ocrx_word' id='word_1_183' title='bbox 373 2005 415 2059; x_wconf 90' lang='lat' dir='ltr'><strong>ita</strong></span> <span class='ocrx_word' id='word_1_184' title='bbox 432 2005 587 2075; x_wconf 86' lang='lat' dir='ltr'><strong>Hesperum</strong></span> <span class='ocrx_word' id='word_1_185' title='bbox 607 2020 625 2059; x_wconf 90' lang='lat' dir='ltr'><strong>a</strong></span> <span class='ocrx_word' id='word_1_186' title='bbox 643 2004 745 2074; x_wconf 88' lang='lat' dir='ltr'><strong>puellis</strong></span> <span class='ocrx_word' id='word_1_187' title='bbox 763 2007 896 2059; x_wconf 87' lang='lat' dir='ltr'><strong>uocatum</strong></span> <span class='ocrx_word' id='word_1_188' title='bbox 916 2020 979 2059; x_wconf 89' lang='lat' dir='ltr'><strong>esse</strong></span> <span class='ocrx_word' id='word_1_189' title='bbox 998 2004 1156 2075; x_wconf 88' lang='lat' dir='ltr'><strong>optineant,</strong></span> <span class='ocrx_word' id='word_1_190' title='bbox 1176 2006 1280 2076; x_wconf 89' lang='lat' dir='ltr'><strong>quippe</strong></span> <span class='ocrx_word' id='word_1_191' title='bbox 1299 2023 1354 2076; x_wconf 94' lang='lat' dir='ltr'><strong>quo</strong></span> 
     </span>
     <span class='ocr_line' id='line_1_21' title="bbox 180 2093 1356 2164; baseline 0.001 -16"><span class='ocrx_word' id='word_1_192' title='bbox 180 2094 209 2148; x_wconf 93' lang='lat' dir='ltr'><strong>et</strong></span> <span class='ocrx_word' id='word_1_193' title='bbox 226 2093 357 2148; x_wconf 84' lang='lat' dir='ltr'><strong>ueniente</strong></span> <span class='ocrx_word' id='word_1_194' title='bbox 376 2095 405 2149; x_wconf 88' lang='lat' dir='ltr'><strong>et</strong></span> <span class='ocrx_word' id='word_1_195' title='bbox 423 2094 556 2150; x_wconf 87' lang='lat' dir='ltr'><strong>redeunte</strong></span> <span class='ocrx_word' id='word_1_196' title='bbox 571 2093 624 2149; x_wconf 89' lang='lat' dir='ltr'><strong>sibi</strong></span> <span class='ocrx_word' id='word_1_197' title='bbox 639 2109 738 2148; x_wconf 89' lang='lat' dir='ltr'><strong>cauere</strong></span> <span class='ocrx_word' id='word_1_198' title='bbox 753 2094 876 2149; x_wconf 85' lang='lat' dir='ltr'><strong>debeant</strong></span> <span class='ocrx_word' id='word_1_199' title='bbox 888 2093 973 2163; x_wconf 89' lang='lat' dir='ltr'><strong>fures,</strong></span> <span class='ocrx_word' id='word_1_200' title='bbox 992 2094 1039 2162; x_wconf 89' lang='lat' dir='ltr'><strong>qni</strong></span> <span class='ocrx_word' id='word_1_201' title='bbox 1054 2093 1147 2164; x_wconf 89' lang='lat' dir='ltr'><strong>potins</strong></span> <span class='ocrx_word' id='word_1_202' title='bbox 1162 2093 1249 2164; x_wconf 86' lang='lat' dir='ltr'><strong>ipsius</strong></span> <span class='ocrx_word' id='word_1_203' title='bbox 1262 2096 1356 2150; x_wconf 89' lang='lat' dir='ltr'><strong>noctis</strong></span> 
     </span>
     <span class='ocr_line' id='line_1_22' title="bbox 179 2182 1355 2253; baseline 0.003 -16"><span class='ocrx_word' id='word_1_204' title='bbox 179 2182 302 2238; x_wconf 88' lang='lat' dir='ltr'><strong>tenebris</strong></span> <span class='ocrx_word' id='word_1_205' title='bbox 320 2183 377 2238; x_wconf 88' lang='lat' dir='ltr'><strong>sint</strong></span> <span class='ocrx_word' id='word_1_206' title='bbox 394 2182 451 2237; x_wconf 90' lang='lat' dir='ltr'><strong>tuti</strong></span> <span class='ocrx_word' id='word_1_207' title='bbox 470 2184 622 2252; x_wconf 86' lang='lat' dir='ltr'><strong>securique.</strong></span> <span class='ocrx_word' id='word_1_208' title='bbox 642 2213 676 2223; x_wconf 92' lang='lat'>-</span> <span class='ocrx_word' id='word_1_209' title='bbox 695 2182 743 2237; x_wconf 89' lang='grc'><strong>88.</strong></span> <span class='ocrx_word' id='word_1_210' title='bbox 761 2182 873 2250; x_wconf 68' lang='lat' dir='ltr'><strong>ulgllat</strong></span> <span class='ocrx_word' id='word_1_211' title='bbox 891 2182 1031 2238; x_wconf 88' lang='lat' dir='ltr'><strong>custodia</strong></span> <span class='ocrx_word' id='word_1_212' title='bbox 1049 2196 1179 2253; x_wconf 87' lang='lat' dir='ltr'><strong>semper.</strong></span> <span class='ocrx_word' id='word_1_213' title='bbox 1217 2185 1355 2252; x_wconf 79' lang='lat' dir='ltr'><strong>custodes,</strong></span> 
     </span>
     <span class='ocr_line' id='line_1_23' title="bbox 180 2272 1357 2341; baseline 0.003 -17"><span class='ocrx_word' id='word_1_214' title='bbox 180 2274 213 2326; x_wconf 90' lang='lat' dir='ltr'><strong>ut</strong></span> <span class='ocrx_word' id='word_1_215' title='bbox 231 2274 298 2327; x_wconf 84' lang='lat' dir='ltr'><strong>Aen.</strong></span> <span class='ocrx_word' id='word_1_216' title='bbox 319 2272 356 2326; x_wconf 93' lang='lat' dir='ltr'><strong>VI</strong></span> <span class='ocrx_word' id='word_1_217' title='bbox 375 2278 428 2326; x_wconf 77' lang='grc'><strong>874</strong></span> <span class='ocrx_word' id='word_1_218' title='bbox 442 2274 541 2338; x_wconf 61' lang='lat' dir='ltr'><strong>emb,</strong></span> <span class='ocrx_word' id='word_1_219' title='bbox 559 2273 684 2327; x_wconf 66' lang='lat' dir='ltr'><strong>mnata</strong></span> <span class='ocrx_word' id='word_1_220' title='bbox 697 2272 790 2341; x_wconf 80' lang='lat' dir='ltr'><strong>qualis</strong></span> <span class='ocrx_word' id='word_1_221' title='bbox 804 2273 938 2327; x_wconf 81' lang='lat' dir='ltr'><strong>uestibulo</strong></span> <span class='ocrx_word' id='word_1_222' title='bbox 951 2272 1052 2338; x_wconf 80' lang='lat' dir='ltr'><strong>sedeat,</strong></span> <span class='ocrx_word' id='word_1_223' title='bbox 1071 2272 1184 2328; x_wconf 81' lang='grc'><strong>111160.</strong></span> <span class='ocrx_word' id='word_1_224' title='bbox 1221 2273 1256 2328; x_wconf 91' lang='lat' dir='ltr'><strong>de</strong></span> <span class='ocrx_word' id='word_1_225' title='bbox 1274 2290 1357 2328; x_wconf 91' lang='lat' dir='ltr'><strong>sensu</strong></span> 
     </span>
     <span class='ocr_line' id='line_1_24' title="bbox 181 2360 1357 2432; baseline 0.003 -18"><span class='ocrx_word' id='word_1_226' title='bbox 181 2361 334 2429; x_wconf 85' lang='lat' dir='ltr'><strong>amatorio,</strong></span> <span class='ocrx_word' id='word_1_227' title='bbox 358 2361 407 2430; x_wconf 90' lang='lat' dir='ltr'><strong>qni</strong></span> <span class='ocrx_word' id='word_1_228' title='bbox 430 2361 538 2427; x_wconf 86' lang='lat' dir='ltr'><strong>subest,</strong></span> <span class='ocrx_word' id='word_1_229' title='bbox 562 2360 597 2416; x_wconf 82' lang='lat' dir='ltr'><strong>cl.</strong></span> <span class='ocrx_word' id='word_1_230' title='bbox 621 2377 663 2416; x_wconf 85' lang='lat' dir='ltr'><strong>ex.</strong></span> <span class='ocrx_word' id='word_1_231' title='bbox 688 2379 729 2431; x_wconf 79' lang='lat' dir='ltr'><strong>gr.</strong></span> <span class='ocrx_word' id='word_1_232' title='bbox 751 2360 831 2416; x_wconf 92' lang='lat' dir='ltr'><strong>Ouid.</strong></span> <span class='ocrx_word' id='word_1_233' title='bbox 856 2361 1214 2428; x_wconf 71' lang='grc' dir='ltr'><strong>1111.1114,1ἀιινιιιιί,</strong></span> <span class='ocrx_word' id='word_1_234' title='bbox 1237 2364 1357 2432; x_wconf 78' lang='lat' dir='ltr'><strong>inposito</strong></span> 
     </span>
     <span class='ocr_line' id='line_1_25' title="bbox 180 2449 1355 2521; baseline 0.001 -16"><span class='ocrx_word' id='word_1_235' title='bbox 180 2455 287 2506; x_wconf 65' lang='lat' dir='ltr'><strong>tenone</strong></span> <span class='ocrx_word' id='word_1_236' title='bbox 305 2452 414 2506; x_wconf 71' lang='grc' dir='ltr'><strong>ιιιιίοάι</strong></span> <span class='ocrx_word' id='word_1_237' title='bbox 427 2452 537 2521; x_wconf 80' lang='lat' dir='ltr'><strong>puellos</strong></span> <span class='ocrx_word' id='word_1_238' title='bbox 554 2453 597 2506; x_wconf 81' lang='lat' dir='ltr'><strong>mi</strong></span> <span class='ocrx_word' id='word_1_239' title='bbox 610 2453 679 2521; x_wconf 77' lang='lat' dir='ltr'><strong>apis.</strong></span> <span class='ocrx_word' id='word_1_240' title='bbox 700 2482 732 2490; x_wconf 97' lang='lat'>-</span> <span class='ocrx_word' id='word_1_241' title='bbox 752 2449 801 2505; x_wconf 90' lang='grc'><strong>84.</strong></span> <span class='ocrx_word' id='word_1_242' title='bbox 820 2450 909 2505; x_wconf 88' lang='lat' dir='ltr'><strong>nocte</strong></span> <span class='ocrx_word' id='word_1_243' title='bbox 926 2449 1023 2504; x_wconf 88' lang='lat' dir='ltr'><strong>latent</strong></span> <span class='ocrx_word' id='word_1_244' title='bbox 1037 2450 1133 2506; x_wconf 79' lang='lat' dir='ltr'><strong>turus.</strong></span> <span class='ocrx_word' id='word_1_245' title='bbox 1171 2452 1275 2506; x_wconf 64' lang='lat' dir='ltr'><strong>‘noem’</strong></span> <span class='ocrx_word' id='word_1_246' title='bbox 1292 2469 1355 2506; x_wconf 88' lang='lat' dir='ltr'><strong>cum</strong></span> 
     </span>
     <span class='ocr_line' id='line_1_26' title="bbox 181 2538 1356 2610; baseline 0.002 -18"><span class='ocrx_word' id='word_1_247' title='bbox 181 2539 211 2593; x_wconf 89' lang='lat' dir='ltr'><strong>ui</strong></span> <span class='ocrx_word' id='word_1_248' title='bbox 228 2539 320 2594; x_wconf 89' lang='lat' dir='ltr'><strong>multa</strong></span> <span class='ocrx_word' id='word_1_249' title='bbox 339 2539 534 2610; x_wconf 88' lang='lat' dir='ltr'><strong>oppositionis.</strong></span> <span class='ocrx_word' id='word_1_250' title='bbox 572 2539 652 2594; x_wconf 91' lang='lat' dir='ltr'><strong>Ouid.</strong></span> <span class='ocrx_word' id='word_1_251' title='bbox 673 2555 697 2595; x_wconf 93' lang='lat' dir='ltr'><strong>a.</strong></span> <span class='ocrx_word' id='word_1_252' title='bbox 717 2557 742 2594; x_wconf 87' lang='lat' dir='ltr'><strong>a.</strong></span> <span class='ocrx_word' id='word_1_253' title='bbox 762 2538 774 2591; x_wconf 94' lang='lat' dir='ltr'>I</span> <span class='ocrx_word' id='word_1_254' title='bbox 798 2544 850 2592; x_wconf 88' lang='grc'><strong>949</strong></span> <span class='ocrx_word' id='word_1_255' title='bbox 873 2542 950 2592; x_wconf 80' lang='lat' dir='ltr'><strong>nocte</strong></span> <span class='ocrx_word' id='word_1_256' title='bbox 973 2539 1057 2592; x_wconf 62' lang='lat' dir='ltr'><strong>lutera</strong></span> <span class='ocrx_word' id='word_1_257' title='bbox 1081 2539 1199 2594; x_wconf 69' lang='lat' dir='ltr'><strong>merdae.</strong></span> <span class='ocrx_word' id='word_1_258' title='bbox 1237 2539 1356 2594; x_wconf 86' lang='lat' dir='ltr'><strong>ridicule</strong></span> 
     </span>
     <span class='ocr_line' id='line_1_27' title="bbox 181 2627 1357 2698; baseline 0.003 -18"><span class='ocrx_word' id='word_1_259' title='bbox 181 2627 271 2682; x_wconf 85' lang='lat' dir='ltr'><strong>Varro</strong></span> <span class='ocrx_word' id='word_1_260' title='bbox 294 2646 338 2698; x_wconf 92' lang='lat' dir='ltr'><strong>ap.</strong></span> <span class='ocrx_word' id='word_1_261' title='bbox 358 2628 429 2684; x_wconf 84' lang='lat' dir='ltr'><strong>Geli.</strong></span> <span class='ocrx_word' id='word_1_262' title='bbox 449 2628 460 2681; x_wconf 96' lang='lat' dir='ltr'>I</span> <span class='ocrx_word' id='word_1_263' title='bbox 481 2634 522 2696; x_wconf 86' lang='lat'><strong>18,</strong></span> <span class='ocrx_word' id='word_1_264' title='bbox 542 2635 559 2682; x_wconf 83' lang='lat'>4</span> <span class='ocrx_word' id='word_1_265' title='bbox 581 2630 670 2696; x_wconf 80' lang='lat' dir='ltr'><strong>furem</strong></span> <span class='ocrx_word' id='word_1_266' title='bbox 693 2629 761 2682; x_wconf 81' lang='lat' dir='ltr'><strong>dicit</strong></span> <span class='ocrx_word' id='word_1_267' title='bbox 784 2644 818 2681; x_wconf 82' lang='lat' dir='ltr'><strong>ex</strong></span> <span class='ocrx_word' id='word_1_268' title='bbox 836 2643 866 2682; x_wconf 81' lang='lat' dir='ltr'><strong>eo</strong></span> <span class='ocrx_word' id='word_1_269' title='bbox 883 2627 1001 2692; x_wconf 82' lang='lat' dir='ltr'><strong>dictum,</strong></span> <span class='ocrx_word' id='word_1_270' title='bbox 1024 2629 1097 2696; x_wconf 81' lang='lat' dir='ltr'><strong>quod</strong></span> <span class='ocrx_word' id='word_1_271' title='bbox 1114 2633 1216 2682; x_wconf 76' lang='lat' dir='ltr'><strong>ueteres</strong></span> <span class='ocrx_word' id='word_1_272' title='bbox 1234 2628 1357 2683; x_wconf 81' lang='lat' dir='ltr'><strong>Romani</strong></span> 
     </span>
     <span class='ocr_line' id='line_1_28' title="bbox 182 2717 1358 2788; baseline 0.001 -17"><span class='ocrx_word' id='word_1_273' title='bbox 182 2718 319 2784; x_wconf 75' lang='lat' dir='ltr'><strong>‘furuum’</strong></span> <span class='ocrx_word' id='word_1_274' title='bbox 341 2724 431 2772; x_wconf 76' lang='lat' dir='ltr'><strong>utram</strong></span> <span class='ocrx_word' id='word_1_275' title='bbox 450 2719 652 2788; x_wconf 64' lang='lat' dir='ltr'><strong>appellatorias</strong></span> <span class='ocrx_word' id='word_1_276' title='bbox 670 2723 695 2771; x_wconf 85' lang='lat' dir='ltr'><strong>et</strong></span> <span class='ocrx_word' id='word_1_277' title='bbox 712 2717 788 2783; x_wconf 75' lang='lat' dir='ltr'><strong>sures</strong></span> <span class='ocrx_word' id='word_1_278' title='bbox 803 2733 855 2785; x_wconf 80' lang='lat' dir='ltr'><strong>per</strong></span> <span class='ocrx_word' id='word_1_279' title='bbox 872 2721 988 2783; x_wconf 73' lang='lat' dir='ltr'><strong>nudem,</strong></span> <span class='ocrx_word' id='word_1_280' title='bbox 1013 2733 1082 2785; x_wconf 80' lang='lat' dir='ltr'><strong>qaue</strong></span> <span class='ocrx_word' id='word_1_281' title='bbox 1100 2722 1164 2771; x_wconf 77' lang='lat' dir='ltr'><strong>utro</strong></span> <span class='ocrx_word' id='word_1_282' title='bbox 1181 2718 1225 2785; x_wconf 82' lang='lat' dir='ltr'><strong>sit,</strong></span> <span class='ocrx_word' id='word_1_283' title='bbox 1243 2719 1358 2784; x_wconf 74' lang='lat' dir='ltr'><strong>[aniius</strong></span> 
     </span>
     <span class='ocr_line' id='line_1_29' title="bbox 180 2804 1358 2875; baseline -0.001 -13"><span class='ocrx_word' id='word_1_284' title='bbox 180 2807 324 2874; x_wconf 61' lang='lat' dir='ltr'><strong>furentum</strong></span> <span class='ocrx_word' id='word_1_285' title='bbox 348 2805 421 2875; x_wconf 92' lang='lat' dir='ltr'><strong>quod</strong></span> <span class='ocrx_word' id='word_1_286' title='bbox 446 2806 494 2875; x_wconf 92' lang='lat' dir='ltr'><strong>qui</strong></span> <span class='ocrx_word' id='word_1_287' title='bbox 514 2805 613 2861; x_wconf 88' lang='lat' dir='ltr'><strong>attulit</strong></span> <span class='ocrx_word' id='word_1_288' title='bbox 632 2804 758 2872; x_wconf 84' lang='lat' dir='ltr'><strong>Ellisius,</strong></span> <span class='ocrx_word' id='word_1_289' title='bbox 778 2806 855 2859; x_wconf 84' lang='lat' dir='ltr'><strong>recte</strong></span> <span class='ocrx_word' id='word_1_290' title='bbox 870 2809 979 2872; x_wconf 88' lang='lat' dir='ltr'><strong>monet,</strong></span> <span class='ocrx_word' id='word_1_291' title='bbox 1003 2821 1086 2873; x_wconf 89' lang='lat' dir='ltr'><strong>quarn</strong></span> <span class='ocrx_word' id='word_1_292' title='bbox 1105 2805 1216 2860; x_wconf 86' lang='lat' dir='ltr'><strong>iunctae</strong></span> <span class='ocrx_word' id='word_1_293' title='bbox 1235 2805 1310 2860; x_wconf 89' lang='lat' dir='ltr'><strong>inter</strong></span> <span class='ocrx_word' id='word_1_294' title='bbox 1328 2823 1358 2861; x_wconf 90' lang='lat' dir='ltr'><strong>se</strong></span> 
     </span>
     <span class='ocr_line' id='line_1_30' title="bbox 183 2893 1358 2964; baseline 0.003 -16"><span class='ocrx_word' id='word_1_295' title='bbox 183 2896 239 2949; x_wconf 89' lang='lat' dir='ltr'><strong>sint</strong></span> <span class='ocrx_word' id='word_1_296' title='bbox 266 2896 394 2949; x_wconf 90' lang='lat' dir='ltr'><strong>notiones</strong></span> <span class='ocrx_word' id='word_1_297' title='bbox 417 2895 510 2948; x_wconf 84' lang='lat' dir='ltr'><strong>iurum</strong></span> <span class='ocrx_word' id='word_1_298' title='bbox 534 2898 564 2948; x_wconf 90' lang='lat' dir='ltr'><strong>et</strong></span> <span class='ocrx_word' id='word_1_299' title='bbox 586 2893 821 2949; x_wconf 89' lang='lat' dir='ltr'><strong>clandestinorum</strong></span> <span class='ocrx_word' id='word_1_300' title='bbox 845 2893 1017 2960; x_wconf 87' lang='lat' dir='ltr'><strong>amatorum,</strong></span> <span class='ocrx_word' id='word_1_301' title='bbox 1047 2912 1089 2963; x_wconf 90' lang='lat' dir='ltr'><strong>cp.</strong></span> <span class='ocrx_word' id='word_1_302' title='bbox 1115 2895 1230 2949; x_wconf 91' lang='lat' dir='ltr'><strong>Theocr.</strong></span> <span class='ocrx_word' id='word_1_303' title='bbox 1255 2901 1299 2964; x_wconf 89' lang='grc'><strong>97,</strong></span> <span class='ocrx_word' id='word_1_304' title='bbox 1324 2902 1358 2951; x_wconf 85' lang='grc'><strong>88</strong></span> 
     </span>
     <span class='ocr_line' id='line_1_31' title="bbox 183 2978 1358 3055; baseline 0.002 -17"><span class='ocrx_word' id='word_1_305' title='bbox 183 2979 289 3052; x_wconf 73' lang='grc' dir='ltr'><strong>φώριος</strong></span> <span class='ocrx_word' id='word_1_306' title='bbox 321 2978 392 3037; x_wconf 72' lang='grc' dir='ltr'><strong>εὐνά</strong></span> <span class='ocrx_word' id='word_1_307' title='bbox 415 2986 445 3036; x_wconf 87' lang='lat' dir='ltr'><strong>et</strong></span> <span class='ocrx_word' id='word_1_308' title='bbox 467 2988 510 3050; x_wconf 84' lang='grc'><strong>99,</strong></span> <span class='ocrx_word' id='word_1_309' title='bbox 536 2989 586 3038; x_wconf 81' lang='grc'><strong>151</strong></span> <span class='ocrx_word' id='word_1_310' title='bbox 612 2981 742 3037; x_wconf 65' lang='grc' dir='ltr'><strong>κλέπτειν</strong></span> <span class='ocrx_word' id='word_1_311' title='bbox 767 2980 870 3052; x_wconf 75' lang='grc' dir='ltr'><strong>γάμον,</strong></span> <span class='ocrx_word' id='word_1_312' title='bbox 895 2982 957 3036; x_wconf 86' lang='lat' dir='ltr'><strong>Tib.</strong></span> <span class='ocrx_word' id='word_1_313' title='bbox 982 2983 993 3036; x_wconf 90' lang='lat' dir='ltr'>I</span> <span class='ocrx_word' id='word_1_314' title='bbox 1017 2988 1042 3048; x_wconf 82' lang='lat' dir='ltr'><strong>b,</strong></span> <span class='ocrx_word' id='word_1_315' title='bbox 1067 2987 1081 3035; x_wconf 87' lang='grc'><strong>7</strong></span> <span class='ocrx_word' id='word_1_316' title='bbox 1106 2985 1136 3037; x_wconf 86' lang='lat' dir='ltr'><strong>et</strong></span> <span class='ocrx_word' id='word_1_317' title='bbox 1158 2989 1184 3051; x_wconf 88' lang='grc'><strong>9,</strong></span> <span class='ocrx_word' id='word_1_318' title='bbox 1208 2990 1251 3052; x_wconf 76' lang='lat'><strong>55,</strong></span> <span class='ocrx_word' id='word_1_319' title='bbox 1275 2986 1358 3055; x_wconf 89' lang='lat' dir='ltr'><strong>Prop.</strong></span> 
     </span>
     <span class='ocr_line' id='line_1_32' title="bbox 182 3070 1358 3145; baseline 0.003 -19"><span class='ocrx_word' id='word_1_320' title='bbox 182 3072 207 3126; x_wconf 93' lang='lat' dir='ltr'><strong>II</strong></span> <span class='ocrx_word' id='word_1_321' title='bbox 226 3079 270 3140; x_wconf 87' lang='grc'><strong>39,</strong></span> <span class='ocrx_word' id='word_1_322' title='bbox 290 3077 322 3126; x_wconf 91' lang='grc'><strong>17</strong></span> <span class='ocrx_word' id='word_1_323' title='bbox 342 3074 371 3125; x_wconf 86' lang='lat' dir='ltr'><strong>et</strong></span> <span class='ocrx_word' id='word_1_324' title='bbox 385 3071 423 3125; x_wconf 91' lang='lat' dir='ltr'><strong>Ill</strong></span> <span class='ocrx_word' id='word_1_325' title='bbox 438 3078 463 3140; x_wconf 95' lang='grc'><strong>8,</strong></span> <span class='ocrx_word' id='word_1_326' title='bbox 482 3079 525 3141; x_wconf 88' lang='grc'><strong>89,</strong></span> <span class='ocrx_word' id='word_1_327' title='bbox 545 3072 626 3128; x_wconf 88' lang='lat' dir='ltr'><strong>Ouid.</strong></span> <span class='ocrx_word' id='word_1_328' title='bbox 641 3073 712 3126; x_wconf 85' lang='lat' dir='ltr'><strong>trist.</strong></span> <span class='ocrx_word' id='word_1_329' title='bbox 728 3071 754 3126; x_wconf 87' lang='grc' dir='ltr'><strong>ΙΙ</strong></span> <span class='ocrx_word' id='word_1_330' title='bbox 768 3079 817 3126; x_wconf 87' lang='grc'><strong>481</strong></span> <span class='ocrx_word' id='word_1_331' title='bbox 835 3077 864 3126; x_wconf 93' lang='lat' dir='ltr'><strong>et</strong></span> <span class='ocrx_word' id='word_1_332' title='bbox 877 3090 931 3126; x_wconf 88' lang='lat' dir='ltr'><strong>am.</strong></span> <span class='ocrx_word' id='word_1_333' title='bbox 948 3070 984 3124; x_wconf 85' lang='lat'><strong>111</strong></span> <span class='ocrx_word' id='word_1_334' title='bbox 1003 3077 1028 3138; x_wconf 88' lang='grc'><strong>4,</strong></span> <span class='ocrx_word' id='word_1_335' title='bbox 1048 3076 1090 3126; x_wconf 70' lang='lat' dir='ltr'><strong>lb.</strong></span> <span class='ocrx_word' id='word_1_336' title='bbox 1107 3103 1139 3112; x_wconf 91' lang='lat'><em>-</em></span> <span class='ocrx_word' id='word_1_337' title='bbox 1154 3072 1203 3145; x_wconf 82' lang='grc'><strong>84,</strong></span> <span class='ocrx_word' id='word_1_338' title='bbox 1218 3072 1266 3128; x_wconf 76' lang='lat' dir='ltr'><strong>bh.</strong></span> <span class='ocrx_word' id='word_1_339' title='bbox 1282 3089 1358 3142; x_wconf 81' lang='lat' dir='ltr'><strong>quos</strong></span> 
     </span>
     <span class='ocr_line' id='line_1_33' title="bbox 183 3160 1358 3233; baseline 0.004 -19"><span class='ocrx_word' id='word_1_340' title='bbox 183 3160 262 3215; x_wconf 87' lang='lat' dir='ltr'><strong>idem</strong></span> <span class='ocrx_word' id='word_1_341' title='bbox 282 3175 370 3230; x_wconf 87' lang='lat' dir='ltr'><strong>saepo</strong></span> <span class='ocrx_word' id='word_1_342' title='bbox 389 3162 559 3232; x_wconf 79' lang='lat' dir='ltr'><strong>reuertens,</strong></span> <span class='ocrx_word' id='word_1_343' title='bbox 579 3163 724 3233; x_wconf 84' lang='lat' dir='ltr'><strong>Hespero,</strong></span> <span class='ocrx_word' id='word_1_344' title='bbox 744 3162 860 3216; x_wconf 88' lang='lat' dir='ltr'><strong>mutato</strong></span> <span class='ocrx_word' id='word_1_345' title='bbox 879 3160 1070 3230; x_wconf 88' lang='lat' dir='ltr'><strong>comprendls</strong></span> <span class='ocrx_word' id='word_1_346' title='bbox 1089 3162 1209 3216; x_wconf 70' lang='lat' dir='ltr'><strong>nomine</strong></span> <span class='ocrx_word' id='word_1_347' title='bbox 1228 3163 1358 3218; x_wconf 83' lang='lat' dir='ltr'><strong>eosdem.</strong></span> 
     </span>
     <span class='ocr_line' id='line_1_34' title="bbox 184 3249 1360 3329; baseline 0.002 -24"><span class='ocrx_word' id='word_1_348' title='bbox 184 3250 302 3305; x_wconf 89' lang='lat' dir='ltr'><strong>eundern</strong></span> <span class='ocrx_word' id='word_1_349' title='bbox 315 3267 374 3305; x_wconf 89' lang='lat' dir='ltr'><strong>esse</strong></span> <span class='ocrx_word' id='word_1_350' title='bbox 384 3250 539 3320; x_wconf 76' lang='lat' dir='ltr'><strong>Hesperum</strong></span> <span class='ocrx_word' id='word_1_351' title='bbox 555 3254 583 3306; x_wconf 89' lang='lat' dir='ltr'><strong>et</strong></span> <span class='ocrx_word' id='word_1_352' title='bbox 593 3250 750 3305; x_wconf 80' lang='lat' dir='ltr'><strong>Luciferum</strong></span> <span class='ocrx_word' id='word_1_353' title='bbox 760 3268 841 3304; x_wconf 89' lang='lat' dir='ltr'><strong>mane</strong></span> <span class='ocrx_word' id='word_1_354' title='bbox 852 3251 1013 3306; x_wconf 88' lang='lat' dir='ltr'><strong>redeuntem</strong></span> <span class='ocrx_word' id='word_1_355' title='bbox 1024 3249 1232 3329; x_wconf 76' lang='lat' dir='ltr'><strong>(disceptabant</strong></span> <span class='ocrx_word' id='word_1_356' title='bbox 1242 3255 1360 3320; x_wconf 84' lang='lat' dir='ltr'><strong>ueteres,</strong></span> 
     </span>
     <span class='ocr_line' id='line_1_35' title="bbox 183 3337 1360 3410; baseline 0.003 -15"><span class='ocrx_word' id='word_1_357' title='bbox 183 3340 237 3395; x_wconf 91' lang='lat' dir='ltr'><strong>hoc</strong></span> <span class='ocrx_word' id='word_1_358' title='bbox 266 3343 405 3409; x_wconf 90' lang='lat' dir='ltr'><strong>repertum</strong></span> <span class='ocrx_word' id='word_1_359' title='bbox 435 3358 501 3394; x_wconf 92' lang='lat' dir='ltr'><strong>num</strong></span> <span class='ocrx_word' id='word_1_360' title='bbox 524 3338 701 3409; x_wconf 81' lang='lat' dir='ltr'><strong>Pythagorae</strong></span> <span class='ocrx_word' id='word_1_361' title='bbox 729 3357 763 3393; x_wconf 87' lang='lat' dir='ltr'><strong>an</strong></span> <span class='ocrx_word' id='word_1_362' title='bbox 788 3338 946 3393; x_wconf 88' lang='lat' dir='ltr'><strong>Parmenidi</strong></span> <span class='ocrx_word' id='word_1_363' title='bbox 970 3338 1132 3392; x_wconf 85' lang='lat' dir='ltr'><strong>deberetur:</strong></span> <span class='ocrx_word' id='word_1_364' title='bbox 1161 3337 1241 3410; x_wconf 78' lang='lat' dir='ltr'><strong>Diog.</strong></span> <span class='ocrx_word' id='word_1_365' title='bbox 1267 3341 1360 3398; x_wconf 77' lang='lat' dir='ltr'><strong>baert</strong></span> 
     </span>
     <span class='ocr_line' id='line_1_36' title="bbox 183 3427 1360 3497; baseline 0.005 -16"><span class='ocrx_word' id='word_1_366' title='bbox 183 3428 248 3483; x_wconf 92' lang='lat' dir='ltr'>VIII</span> <span class='ocrx_word' id='word_1_367' title='bbox 278 3435 310 3482; x_wconf 91' lang='grc'><strong>14</strong></span> <span class='ocrx_word' id='word_1_368' title='bbox 339 3432 368 3483; x_wconf 89' lang='lat' dir='ltr'><strong>et</strong></span> <span class='ocrx_word' id='word_1_369' title='bbox 394 3428 432 3481; x_wconf 86' lang='lat' dir='ltr'><strong>IX</strong></span> <span class='ocrx_word' id='word_1_370' title='bbox 460 3434 503 3494; x_wconf 88' lang='grc'><strong>98,</strong></span> <span class='ocrx_word' id='word_1_371' title='bbox 533 3428 632 3483; x_wconf 85' lang='lat' dir='ltr'><strong>Suidas</strong></span> <span class='ocrx_word' id='word_1_372' title='bbox 654 3446 675 3482; x_wconf 91' lang='lat' dir='ltr'><strong>s.</strong></span> <span class='ocrx_word' id='word_1_373' title='bbox 702 3447 727 3481; x_wconf 92' lang='grc' dir='ltr'><strong>ιι.</strong></span> <span class='ocrx_word' id='word_1_374' title='bbox 753 3429 945 3497; x_wconf 73' lang='grc' dir='ltr'><strong><em>Παρμενίδηςς</em></strong></span> <span class='ocrx_word' id='word_1_375' title='bbox 975 3427 1209 3482; x_wconf 86' lang='lat' dir='ltr'><strong>Wilamowitzius</strong></span> <span class='ocrx_word' id='word_1_376' title='bbox 1241 3430 1360 3487; x_wconf 85' lang='lat' dir='ltr'><strong>Hermae</strong></span> 
     </span>
     <span class='ocr_line' id='line_1_37' title="bbox 184 3516 1359 3587; baseline 0.003 -17"><span class='ocrx_word' id='word_1_377' title='bbox 184 3517 274 3571; x_wconf 84' lang='lat' dir='ltr'>XVIII</span> <span class='ocrx_word' id='word_1_378' title='bbox 298 3536 324 3587; x_wconf 91' lang='lat' dir='ltr'><strong>p.</strong></span> <span class='ocrx_word' id='word_1_379' title='bbox 349 3520 426 3585; x_wconf 86' lang='grc'><strong>417),</strong></span> <span class='ocrx_word' id='word_1_380' title='bbox 452 3522 484 3570; x_wconf 84' lang='grc'><strong>111</strong></span> <span class='ocrx_word' id='word_1_381' title='bbox 506 3517 555 3572; x_wconf 89' lang='lat' dir='ltr'><strong>ulii</strong></span> <span class='ocrx_word' id='word_1_382' title='bbox 579 3518 727 3586; x_wconf 86' lang='lat' dir='ltr'><strong>scriptores</strong></span> <span class='ocrx_word' id='word_1_383' title='bbox 753 3516 845 3586; x_wconf 89' lang='lat' dir='ltr'><strong>(Plato</strong></span> <span class='ocrx_word' id='word_1_384' title='bbox 870 3516 996 3586; x_wconf 83' lang='lat' dir='ltr'><strong>Epinom.</strong></span> <span class='ocrx_word' id='word_1_385' title='bbox 1021 3536 1048 3587; x_wconf 91' lang='lat' dir='ltr'><strong>p.</strong></span> <span class='ocrx_word' id='word_1_386' title='bbox 1073 3523 1139 3584; x_wconf 89' lang='grc'><strong>987,</strong></span> <span class='ocrx_word' id='word_1_387' title='bbox 1164 3517 1219 3574; x_wconf 87' lang='lat' dir='ltr'><strong>Cic.</strong></span> <span class='ocrx_word' id='word_1_388' title='bbox 1240 3519 1266 3574; x_wconf 93' lang='lat' dir='ltr'><strong>d.</strong></span> <span class='ocrx_word' id='word_1_389' title='bbox 1286 3538 1314 3575; x_wconf 93' lang='lat' dir='ltr'><strong>n.</strong></span> <span class='ocrx_word' id='word_1_390' title='bbox 1333 3521 1359 3574; x_wconf 91' lang='lat' dir='ltr'><strong>d.</strong></span> 
     </span>
     <span class='ocr_line' id='line_1_38' title="bbox 183 3601 1358 3676; baseline 0.003 -17"><span class='ocrx_word' id='word_1_391' title='bbox 183 3606 275 3672; x_wconf 89' lang='grc'><strong>1190,</strong></span> <span class='ocrx_word' id='word_1_392' title='bbox 299 3611 332 3660; x_wconf 78' lang='grc'><strong>63</strong></span> <span class='ocrx_word' id='word_1_393' title='bbox 357 3607 436 3660; x_wconf 82' lang='lat' dir='ltr'><strong>stella</strong></span> <span class='ocrx_word' id='word_1_394' title='bbox 460 3606 584 3672; x_wconf 80' lang='lat' dir='ltr'><strong>Veneris,</strong></span> <span class='ocrx_word' id='word_1_395' title='bbox 606 3622 675 3676; x_wconf 80' lang='lat' dir='ltr'><strong>quoe</strong></span> <span class='ocrx_word' id='word_1_396' title='bbox 701 3601 853 3673; x_wconf 80' lang='grc' dir='ltr'><strong><em>Φωσφόρος</em></strong></span> <span class='ocrx_word' id='word_1_397' title='bbox 876 3623 982 3676; x_wconf 65' lang='lat' dir='ltr'><strong>praece,</strong></span> <span class='ocrx_word' id='word_1_398' title='bbox 1009 3608 1095 3660; x_wconf 82' lang='lat' dir='ltr'><strong>iatine</strong></span> <span class='ocrx_word' id='word_1_399' title='bbox 1112 3608 1216 3661; x_wconf 79' lang='lat' dir='ltr'><strong>dicitur</strong></span> <span class='ocrx_word' id='word_1_400' title='bbox 1234 3607 1358 3676; x_wconf 71' lang='lat' dir='ltr'><strong>Lucifer,</strong></span> 
     </span>
     <span class='ocr_line' id='line_1_39' title="bbox 184 3694 1361 3765; baseline 0.002 -16"><span class='ocrx_word' id='word_1_401' title='bbox 184 3711 244 3749; x_wconf 81' lang='lat' dir='ltr'><strong>cum</strong></span> <span class='ocrx_word' id='word_1_402' title='bbox 269 3695 456 3764; x_wconf 69' lang='lat' dir='ltr'><strong>antepredr‘tnr</strong></span> <span class='ocrx_word' id='word_1_403' title='bbox 478 3696 571 3761; x_wconf 84' lang='lat' dir='ltr'><strong>solem,</strong></span> <span class='ocrx_word' id='word_1_404' title='bbox 596 3711 656 3749; x_wconf 70' lang='lat' dir='ltr'><strong>carm</strong></span> <span class='ocrx_word' id='word_1_405' title='bbox 679 3696 852 3764; x_wconf 77' lang='lat' dir='ltr'><strong>subsequitur</strong></span> <span class='ocrx_word' id='word_1_406' title='bbox 876 3700 980 3755; x_wconf 80' lang='grc' dir='ltr'><strong>αιι1ιιι,</strong></span> <span class='ocrx_word' id='word_1_407' title='bbox 1005 3694 1170 3764; x_wconf 80' lang='lat' dir='ltr'><strong>Hesperus),</strong></span> <span class='ocrx_word' id='word_1_408' title='bbox 1193 3695 1236 3750; x_wconf 88' lang='lat' dir='ltr'><strong>ita</strong></span> <span class='ocrx_word' id='word_1_409' title='bbox 1259 3700 1361 3765; x_wconf 88' lang='lat' dir='ltr'><strong>poetae</strong></span> 
     </span>
     <span class='ocr_line' id='line_1_40' title="bbox 185 3782 1361 3858; baseline 0.003 -23"><span class='ocrx_word' id='word_1_410' title='bbox 185 3784 349 3853; x_wconf 88' lang='lat' dir='ltr'><strong>praesertim</strong></span> <span class='ocrx_word' id='word_1_411' title='bbox 368 3783 513 3837; x_wconf 89' lang='lat' dir='ltr'><strong>celebrant</strong></span> <span class='ocrx_word' id='word_1_412' title='bbox 530 3782 600 3837; x_wconf 91' lang='lat' dir='ltr'><strong>Iocis</strong></span> <span class='ocrx_word' id='word_1_413' title='bbox 619 3782 747 3852; x_wconf 89' lang='lat' dir='ltr'><strong>plurimis</strong></span> <span class='ocrx_word' id='word_1_414' title='bbox 767 3801 785 3837; x_wconf 89' lang='lat' dir='ltr'><strong>a</strong></span> <span class='ocrx_word' id='word_1_415' title='bbox 804 3783 958 3838; x_wconf 81' lang='lat' dir='ltr'><strong>Schradero</strong></span> <span class='ocrx_word' id='word_1_416' title='bbox 978 3785 1099 3839; x_wconf 87' lang='lat' dir='ltr'><strong>maxime</strong></span> <span class='ocrx_word' id='word_1_417' title='bbox 1119 3785 1185 3855; x_wconf 88' lang='lat' dir='ltr'><strong>[ern.</strong></span> <span class='ocrx_word' id='word_1_418' title='bbox 1205 3801 1232 3852; x_wconf 94' lang='lat' dir='ltr'><strong>p.</strong></span> <span class='ocrx_word' id='word_1_419' title='bbox 1255 3790 1287 3838; x_wconf 81' lang='lat' dir='ltr'><strong>lo</strong></span> <span class='ocrx_word' id='word_1_420' title='bbox 1306 3789 1361 3858; x_wconf 80' lang='lat' dir='ltr'><strong>sq]</strong></span> 
     </span>
    </p>
   </div>
   <div class='ocr_carea' id='block_1_5' title="bbox 180 3867 1364 4387">
    <p class='ocr_par' dir='ltr' id='par_1_5' title="bbox 180 3867 1364 4387">
     <span class='ocr_line' id='line_1_41' title="bbox 186 3867 1362 3942; baseline 0.002 -16"><span class='ocrx_word' id='word_1_421' title='bbox 186 3872 326 3938; x_wconf 78' lang='lat' dir='ltr'><strong>collectis,</strong></span> <span class='ocrx_word' id='word_1_422' title='bbox 356 3870 466 3926; x_wconf 80' lang='lat' dir='ltr'><strong>Gallim.</strong></span> <span class='ocrx_word' id='word_1_423' title='bbox 494 3869 528 3924; x_wconf 78' lang='lat' dir='ltr'><strong>fr.</strong></span> <span class='ocrx_word' id='word_1_424' title='bbox 553 3877 586 3925; x_wconf 81' lang='grc'><strong>59</strong></span> <span class='ocrx_word' id='word_1_425' title='bbox 613 3867 694 3925; x_wconf 70' lang='lat' dir='ltr'><strong>edroi</strong></span> <span class='ocrx_word' id='word_1_426' title='bbox 718 3870 771 3941; x_wconf 71' lang='lat' dir='ltr'><strong>pir</strong></span> <span class='ocrx_word' id='word_1_427' title='bbox 794 3867 933 3939; x_wconf 71' lang='lat' dir='ltr'><strong>prtioou’,</strong></span> <span class='ocrx_word' id='word_1_428' title='bbox 962 3867 1044 3927; x_wconf 69' lang='grc' dir='ltr'><strong>αὐτοὶ</strong></span> <span class='ocrx_word' id='word_1_429' title='bbox 1069 3871 1102 3928; x_wconf 77' lang='grc' dir='ltr'><strong>δέ</strong></span> <span class='ocrx_word' id='word_1_430' title='bbox 1126 3893 1154 3927; x_wconf 82' lang='grc' dir='ltr'><strong>ιε</strong></span> <span class='ocrx_word' id='word_1_431' title='bbox 1179 3876 1362 3942; x_wconf 75' lang='grc' dir='ltr'><strong>πεφρίκασιν,</strong></span> 
     </span>
     <span class='ocr_line' id='line_1_42' title="bbox 180 3956 1363 4032; baseline 0.003 -17"><span class='ocrx_word' id='word_1_432' title='bbox 180 3958 331 4028; x_wconf 69' lang='grc' dir='ltr'><strong>Ἐσπέριον</strong></span> <span class='ocrx_word' id='word_1_433' title='bbox 350 3958 505 4028; x_wconf 69' lang='grc' dir='ltr'><strong>φιλέουσιν,</strong></span> <span class='ocrx_word' id='word_1_434' title='bbox 525 3956 597 4028; x_wconf 69' lang='lat' dir='ltr'><strong>sirio</strong></span> <span class='ocrx_word' id='word_1_435' title='bbox 616 3961 781 4030; x_wconf 76' lang='lat' dir='ltr'><strong>uroys&#39;oocrv</strong></span> <span class='ocrx_word' id='word_1_436' title='bbox 796 3956 900 4030; x_wconf 49' lang='lat' dir='ltr'><strong>‘Eoiosq</strong></span> <span class='ocrx_word' id='word_1_437' title='bbox 923 3959 1012 4015; x_wconf 80' lang='lat' dir='ltr'><strong>Cinna</strong></span> <span class='ocrx_word' id='word_1_438' title='bbox 1029 3962 1062 4016; x_wconf 80' lang='lat' dir='ltr'><strong>fr.</strong></span> <span class='ocrx_word' id='word_1_439' title='bbox 1085 3969 1101 4018; x_wconf 94' lang='grc'><strong>8</strong></span> <span class='ocrx_word' id='word_1_440' title='bbox 1122 3963 1190 4028; x_wconf 72' lang='lat' dir='ltr'><strong>LM,</strong></span> <span class='ocrx_word' id='word_1_441' title='bbox 1209 3961 1281 4018; x_wconf 88' lang='lat' dir='ltr'><strong>Ciris</strong></span> <span class='ocrx_word' id='word_1_442' title='bbox 1301 3969 1363 4032; x_wconf 76' lang='lat'><strong>851,</strong></span> 
     </span>
     <span class='ocr_line' id='line_1_43' title="bbox 185 4049 1363 4121; baseline 0.001 -17"><span class='ocrx_word' id='word_1_443' title='bbox 185 4050 256 4118; x_wconf 81' lang='lat' dir='ltr'><strong>eleg.</strong></span> <span class='ocrx_word' id='word_1_444' title='bbox 287 4050 374 4104; x_wconf 86' lang='lat' dir='ltr'><strong>Maec.</strong></span> <span class='ocrx_word' id='word_1_445' title='bbox 406 4054 456 4103; x_wconf 91' lang='grc'><strong>199</strong></span> <span class='ocrx_word' id='word_1_446' title='bbox 485 4067 544 4117; x_wconf 91' lang='lat' dir='ltr'><strong>sqq.</strong></span> <span class='ocrx_word' id='word_1_447' title='bbox 588 4050 683 4119; x_wconf 88' lang='lat' dir='ltr'><strong>[PLM.</strong></span> <span class='ocrx_word' id='word_1_448' title='bbox 707 4049 720 4103; x_wconf 95' lang='lat' dir='ltr'>I</span> <span class='ocrx_word' id='word_1_449' title='bbox 743 4068 770 4120; x_wconf 90' lang='lat' dir='ltr'><strong>p.</strong></span> <span class='ocrx_word' id='word_1_450' title='bbox 797 4051 872 4121; x_wconf 82' lang='lat'><strong>134],</strong></span> <span class='ocrx_word' id='word_1_451' title='bbox 904 4052 994 4105; x_wconf 80' lang='lat' dir='ltr'><strong>Aetna</strong></span> <span class='ocrx_word' id='word_1_452' title='bbox 1016 4057 1082 4121; x_wconf 89' lang='grc'><strong>948,</strong></span> <span class='ocrx_word' id='word_1_453' title='bbox 1111 4051 1191 4106; x_wconf 88' lang='lat' dir='ltr'><strong>Ouid.</strong></span> <span class='ocrx_word' id='word_1_454' title='bbox 1217 4068 1258 4106; x_wconf 84' lang='lat' dir='ltr'><strong>ex.</strong></span> <span class='ocrx_word' id='word_1_455' title='bbox 1284 4052 1313 4106; x_wconf 87' lang='lat' dir='ltr'><strong>P.</strong></span> <span class='ocrx_word' id='word_1_456' title='bbox 1337 4052 1363 4105; x_wconf 91' lang='lat' dir='ltr'><strong>II</strong></span> 
     </span>
     <span class='ocr_line' id='line_1_44' title="bbox 187 4137 1363 4212; baseline 0.005 -21"><span class='ocrx_word' id='word_1_457' title='bbox 187 4143 212 4203; x_wconf 81' lang='lat' dir='ltr'><strong>b,</strong></span> <span class='ocrx_word' id='word_1_458' title='bbox 232 4143 279 4204; x_wconf 80' lang='grc'><strong>00,</strong></span> <span class='ocrx_word' id='word_1_459' title='bbox 307 4138 372 4192; x_wconf 83' lang='lat' dir='ltr'><strong>Ilias</strong></span> <span class='ocrx_word' id='word_1_460' title='bbox 391 4137 439 4193; x_wconf 88' lang='lat' dir='ltr'><strong>lat.</strong></span> <span class='ocrx_word' id='word_1_461' title='bbox 460 4142 525 4205; x_wconf 86' lang='grc'><strong>888,</strong></span> <span class='ocrx_word' id='word_1_462' title='bbox 549 4137 644 4193; x_wconf 83' lang='lat' dir='ltr'><strong>Manil.</strong></span> <span class='ocrx_word' id='word_1_463' title='bbox 666 4138 677 4191; x_wconf 96' lang='lat' dir='ltr'>I</span> <span class='ocrx_word' id='word_1_464' title='bbox 698 4145 758 4205; x_wconf 90' lang='grc'><strong>177,</strong></span> <span class='ocrx_word' id='word_1_465' title='bbox 778 4140 885 4194; x_wconf 88' lang='lat' dir='ltr'><strong>Colum.</strong></span> <span class='ocrx_word' id='word_1_466' title='bbox 905 4138 929 4192; x_wconf 87' lang='lat' dir='ltr'>X</span> <span class='ocrx_word' id='word_1_467' title='bbox 949 4146 1017 4208; x_wconf 89' lang='grc'><strong>990,</strong></span> <span class='ocrx_word' id='word_1_468' title='bbox 1036 4139 1089 4194; x_wconf 87' lang='lat' dir='ltr'><strong>Seu</strong></span> <span class='ocrx_word' id='word_1_469' title='bbox 1110 4141 1208 4210; x_wconf 73' lang='lat' dir='ltr'><strong>agam.</strong></span> <span class='ocrx_word' id='word_1_470' title='bbox 1229 4145 1282 4195; x_wconf 88' lang='grc'><strong>819</strong></span> <span class='ocrx_word' id='word_1_471' title='bbox 1302 4160 1363 4212; x_wconf 88' lang='lat' dir='ltr'><strong>sqq.</strong></span> 
     </span>
     <span class='ocr_line' id='line_1_45' title="bbox 186 4226 1363 4298; baseline 0.004 -18"><span class='ocrx_word' id='word_1_472' title='bbox 186 4230 216 4281; x_wconf 91' lang='lat' dir='ltr'><strong>et</strong></span> <span class='ocrx_word' id='word_1_473' title='bbox 238 4226 355 4282; x_wconf 84' lang='lat' dir='ltr'><strong>Phaedr.</strong></span> <span class='ocrx_word' id='word_1_474' title='bbox 386 4233 437 4280; x_wconf 86' lang='grc'><strong>749</strong></span> <span class='ocrx_word' id='word_1_475' title='bbox 466 4244 539 4295; x_wconf 86' lang='lat' dir='ltr'><strong>sqq,</strong></span> <span class='ocrx_word' id='word_1_476' title='bbox 567 4227 669 4282; x_wconf 85' lang='lat' dir='ltr'><strong>Lucan.</strong></span> <span class='ocrx_word' id='word_1_477' title='bbox 693 4245 738 4298; x_wconf 88' lang='lat' dir='ltr'><strong>ap.</strong></span> <span class='ocrx_word' id='word_1_478' title='bbox 764 4228 839 4284; x_wconf 86' lang='lat' dir='ltr'><strong>Lact.</strong></span> <span class='ocrx_word' id='word_1_479' title='bbox 868 4228 903 4282; x_wconf 86' lang='lat' dir='ltr'><strong>ad</strong></span> <span class='ocrx_word' id='word_1_480' title='bbox 929 4228 999 4283; x_wconf 83' lang='lat' dir='ltr'><strong>Stat.</strong></span> <span class='ocrx_word' id='word_1_481' title='bbox 1024 4229 1111 4284; x_wconf 86' lang='lat' dir='ltr'><strong>Theb.</strong></span> <span class='ocrx_word' id='word_1_482' title='bbox 1135 4227 1174 4282; x_wconf 83' lang='lat' dir='ltr'><strong>IX</strong></span> <span class='ocrx_word' id='word_1_483' title='bbox 1197 4234 1263 4296; x_wconf 84' lang='grc'><strong>494,</strong></span> <span class='ocrx_word' id='word_1_484' title='bbox 1292 4231 1363 4285; x_wconf 76' lang='lat' dir='ltr'><strong>sat</strong></span> 
     </span>
     <span class='ocr_line' id='line_1_46' title="bbox 187 4315 1364 4387; baseline 0.004 -18"><span class='ocrx_word' id='word_1_485' title='bbox 187 4316 273 4369; x_wconf 90' lang='lat' dir='ltr'><strong>Theb.</strong></span> <span class='ocrx_word' id='word_1_486' title='bbox 298 4316 333 4368; x_wconf 91' lang='lat' dir='ltr'><strong>Vl</strong></span> <span class='ocrx_word' id='word_1_487' title='bbox 352 4320 403 4370; x_wconf 88' lang='grc'><strong>988</strong></span> <span class='ocrx_word' id='word_1_488' title='bbox 423 4334 493 4385; x_wconf 79' lang='lat' dir='ltr'><strong>sqq,</strong></span> <span class='ocrx_word' id='word_1_489' title='bbox 512 4315 611 4371; x_wconf 84' lang='lat' dir='ltr'><strong>Boeth.</strong></span> <span class='ocrx_word' id='word_1_490' title='bbox 631 4317 657 4370; x_wconf 90' lang='lat' dir='ltr'><strong>d.</strong></span> <span class='ocrx_word' id='word_1_491' title='bbox 678 4334 751 4371; x_wconf 92' lang='lat' dir='ltr'><strong>cons.</strong></span> <span class='ocrx_word' id='word_1_492' title='bbox 767 4316 835 4386; x_wconf 86' lang='lat' dir='ltr'><strong>phil.</strong></span> <span class='ocrx_word' id='word_1_493' title='bbox 852 4316 863 4368; x_wconf 90' lang='lat'>1</span> <span class='ocrx_word' id='word_1_494' title='bbox 878 4323 903 4384; x_wconf 82' lang='lat' dir='ltr'><strong>b,</strong></span> <span class='ocrx_word' id='word_1_495' title='bbox 924 4323 957 4369; x_wconf 91' lang='lat'><strong>10</strong></span> <span class='ocrx_word' id='word_1_496' title='bbox 972 4335 1033 4386; x_wconf 89' lang='lat' dir='ltr'><strong>sqq.</strong></span> <span class='ocrx_word' id='word_1_497' title='bbox 1073 4318 1181 4387; x_wconf 84' lang='lat' dir='ltr'><strong>‘saepe’</strong></span> <span class='ocrx_word' id='word_1_498' title='bbox 1198 4335 1261 4371; x_wconf 90' lang='lat' dir='ltr'><strong>curn</strong></span> <span class='ocrx_word' id='word_1_499' title='bbox 1277 4318 1364 4374; x_wconf 82' lang='lat' dir='ltr'><strong>‘eom-</strong></span> 
     </span>
    </p>
   </div>
   <div class='ocr_carea' id='block_1_6' title="bbox 0 0 1491 4912">
    <p class='ocr_par' dir='ltr' id='par_1_6' title="bbox 0 0 1491 4912">
     <span class='ocr_line' id='line_1_47' title="bbox 0 0 1491 4912; baseline 0 0"><span class='ocrx_word' id='word_1_500' title='bbox 0 0 1491 4912; x_wconf 95' lang='lat' dir='ltr'><strong> </strong></span> 
     </span>
    </p>
   </div>
  </div>
 </body>
</html>
