2940 4912
585 285 645 340 111
666 292 812 342 ree-ree.
1219 290 1281 354 311

109 449 178 504 dare
196 464 243 504 eae
261 448 335 504 nolit
353 450 482 518 (recuset)
502 450 534 501 ut
552 445 714 502 incumbens
733 447 835 516 dolori,
855 447 929 516 quod
948 466 1027 503 amor
1045 448 1106 519 ille,
1127 467 1181 517 quo
1200 453 1285 506 antea

108 555 128 592 a
144 538 260 593 domino
278 554 328 593 suo
348 536 433 593 fuerit
450 539 570 606 amatus,
598 554 671 592 nuno
689 536 725 591 ab
743 537 797 591 hoc
817 537 961 607 neglectus
979 536 1149 607 relictusque
1168 540 1213 594 eit.
1252 541 1286 596 ‘a

110 625 219 683 dolens’
240 626 340 697 scripsi
359 644 393 682 ex
412 626 585 695 coniectura,
605 644 667 681 curn
687 625 715 680 in
735 626 759 682 V
781 626 894 695 legatur
914 626 1062 682 ‘audiens’
1083 631 1126 681 sat
1144 645 1283 698 peruerse,

107 716 247 785 quianon
266 717 300 770 de
319 733 349 771 re
368 719 428 771 tum
446 716 600 783 audienda,
622 715 671 770 sed
690 718 767 770 certa
785 718 815 770 et
833 714 939 771 dudum
958 715 1072 786 cognita
1090 720 1191 787 agitur.
1229 718 1282 773 ita·

109 823 164 875 que
182 823 238 862 non
257 806 372 863 uidendi
391 807 506 861 uerbum
527 805 612 873 (quod
628 804 790 860 Schwabius
803 804 938 874 restituit)
952 805 1130 875 aptissimum
1149 806 1212 875 erit,
1232 807 1281 862 sed

109 894 228 951 dolendi
278 895 353 965 qnod
385 913 448 950 oum
475 894 632 949 Pleitnerns
663 894 706 949 ita
735 895 877 950 intulisset
905 893 1044 950 ‘dominei
1072 895 1199 963 dolens',
1228 913 1280 967 ego

109 983 247 1038 ‘audiens'
268 983 402 1038 facillime
416 983 496 1038 nasci
509 982 633 1054 potuisse
649 983 718 1037 mihi
732 983 857 1053 persuasi
871 999 905 1038 ex
921 983 1050 1052 ‘adlens’‚
1068 984 1112 1039 cni
1129 984 1168 1040 ‘o’
1185 985 1282 1040 littera

108 1074 210 1129 omiesa
228 1074 303 1128 esset
320 1073 522 1143 superscripta;
543 1073 583 1126 ‘a'
600 1071 674 1127 enim
694 1072 740 1127 hie
761 1074 873 1143 egregie
892 1090 926 1127 ex
945 1076 1037 1128 mente
1057 1074 1205 1129 concubini
1223 1073 1279 1130 imo

106 1161 199 1217 animo
217 1161 340 1217 dolentis
359 1161 486 1216 adicitur.
507 1192 540 1202 -
560 1162 627 1218 124.
647 1161 743 1222 luere.
780 1162 872 1216 adhuc
896 1160 926 1216 in
951 1162 1057 1217 domini
1076 1162 1118 1217 tui
1136 1162 1280 1218 famulicio

106 1249 238 1321 pigritiae
258 1250 382 1316 deditum
402 1249 457 1306 Cic.
476 1250 502 1305 d.
523 1271 548 1306 n.
569 1252 594 1306 d.
614 1251 626 1305 I
645 1256 688 1320 86,
710 1257 760 1306 192
779 1253 860 1321 quani
873 1253 957 1321 pueri
975 1253 1087 1308 delicati
1105 1253 1176 1307 nihil
1194 1268 1279 1309 οοοοα-

107 1342 180 1397 tiosse
204 1341 301 1395 metius
327 1341 487 1407 centanam
513 1340 587 1396 inest
611 1340 695 1394 simul
721 1341 800 1410 pueri
825 1358 843 1396 a
868 1339 1035 1395 feminarum
1061 1357 1162 1397 uenere
1187 1343 1279 1397 auersi

106 1430 212 1485 notabo
238 1427 312 1499 (Tib.
335 1429 429 1499 Priap.
454 1435 484 1496 2,
507 1435 542 1484 38
567 1431 634 1500 qaid
661 1435 711 1496 eet,
738 1429 847 1497 inari,
874 1429 954 1484 Ouid.
974 1447 1028 1484 am.
1053 1430 1091 1484 lIl
1114 1438 1143 1500 6,
1167 1434 1218 1502 15).
1246 1463 1278 1472 -

106 1518 708 1591 125,126.eatlsdlulueletlnuolbus.
745 1519 803 1574 iam
826 1522 937 1589 tempus
957 1522 1001 1574 eet
1018 1537 1118 1588 nuces,
1139 1521 1278 1590 pueritiae
1382 1569 1387 1579 .

104 1607 250 1676 ludicrum,
269 1607 379 1664 abicere
399 1607 474 1678 (Hor.
489 1612 541 1664 sat.
563 1610 586 1662 ll
605 1616 630 1678 3,
652 1615 712 1677 171,
732 1610 804 1664 Pers.
827 1614 849 1677 1,
871 1614 903 1663 19
921 1609 1016 1679 ibique
1036 1609 1182 1678 Olahnius,
1202 1608 1277 1666 Suet.

104 1699 174 1767 Aug.
189 1700 243 1766 33).
272 1697 342 1752 haee
362 1713 531 1768 quamquam
547 1697 639 1767 speeie
657 1699 772 1753 suntad
788 1698 879 1754 solnm
894 1699 1078 1755 concubinum
1093 1699 1178 1768 dicta,
1194 1700 1278 1755 simul

103 1791 196 1841 tamen
216 1788 347 1856 spectant
363 1787 399 1841 ad
418 1788 574 1855 dominum,
599 1787 676 1842 cuius
699 1786 811 1842 nomine
834 1787 883 1843 ille
902 1805 1033 1859 spargere
1051 1790 1164 1844 iubetur
1182 1805 1277 1845 nuces.

104 1879 133 1931 et
155 1875 267 1932 uidetur
289 1892 340 1946 per
363 1879 454 1932 totum
478 1878 549 1932 adeo
573 1876 665 1932 locum
689 1894 805 1946 regnare
830 1879 906 1933 tecta
929 1878 1067 1948 quaedam
1091 1879 1275 1950 ambiguitas:

102 1982 186 2021 lues
204 1982 267 2020 eum
287 1966 344 2021 sne
362 1966 471 2036 rusina
490 1963 648 2020 feninea
667 1965 712 2036 (ef.
735 1965 908 2021 ‘zeitschrift
925 1967 943 2022 f.
964 1946 1098 2023 deutsche
1113 1969 1229 2038 Mythol.
1249 1988 1275 2026 u.

104 2055 305 2111 Sittenkunde’
330 2054 370 2109 ΙΙΙ
392 2073 420 2124 p.
440 2060 474 2109 et
489 2058 576 2124 sqq.),
600 2055 683 2110 simul
708 2054 759 2109 snb
784 2056 896 2111 nomine
920 2058 1047 2113 catamiti
1069 2057 1131 2127 ipse
1154 2057 1276 2114 Manlius

103 2145 275 2212 admonetur,
293 2160 329 2199 ne
347 2145 454 2200 uiribus
473 2148 572 2215 parcat
585 2145 659 2199 iners
679 2148 765 2215 utque
780 2144 835 2199 iam
852 2148 918 2215 post
932 2146 1041 2202 steriles
1056 2147 1083 2201 in
1097 2164 1184 2217 puero
1199 2148 1275 2202 lusus

102 2235 228 2290 uenerios
246 2237 390 2290 strenuum
408 2234 438 2288 in
457 2251 542 2289 uxore
561 2251 622 2289 sese
642 2234 772 2289 exhibeat
790 2233 890 2290 uirum.
929 2235 1075 2306 sicigitur
1094 2236 1272 2291 ‘concubine'

101 2324 187 2380 etiam
205 2324 272 2377 noui
291 2322 385 2378 mariti
404 2324 435 2379 fit
455 2323 610 2395 appellatio
630 2323 762 2394 uulgaris.
782 2354 815 2363 —
834 2323 906 2395 126,
926 2323 993 2379 127.
1017 2324 1102 2380 lubet
1127 2325 1186 2380 lam
1210 2340 1273 2381 eer-

101 2413 169 2468 ulte
188 2412 320 2472 Talaslo.
358 2413 521 2482 Tala(s)sio‚
546 2412 594 2482 qui
618 2414 691 2483 apud
715 2413 786 2468 alios
810 2412 891 2468 audit
915 2414 1000 2468 etiam
1020 2415 1148 2470 Talasins
1174 2419 1203 2471 et
1221 2416 1274 2471 'fa-

101 2503 225 2572 ls(s)sus‚
251 2502 385 2557 Romanis
410 2502 485 2558 idem
517 2506 577 2558 erat
603 2504 650 2572 qui
676 2501 791 2557 Graecis
816 2502 995 2571 Hymenaeus
1021 2502 1105 2573 (Plut.
1130 2524 1156 2574 q.
1180 2504 1211 2559 a.
1239 2511 1271 2560 31

76 2586 337 2661 ·ὅθεν,εὖτνχοῦς
359 2591 453 2662 γάμον
470 2590 631 2662 «γενομένου
656 2592 704 2646 καὶ
727 2598 785 2653 τοίς
808 2587 901 2654 ἄλλοις
926 2589 1097 2661 εἰθίσθησαν
1117 2587 1273 2661 ἐπιφωνεῖν

100 2678 151 2736 τὸν
176 2677 320 2736 Θαλάοιον
346 2677 438 2750 ὥσπερ
456 2675 589 2749 Ἕλληνες
613 2678 663 2735 τὸν
683 2676 852 2751 Ὑμέναιον).
895 2681 929 2735 de
953 2681 1139 2752 explicatione
1163 2683 1274 2737 uariant

101 2770 264 2840 scriptores:
292 2769 325 2824 cf.
351 2772 424 2825 Plnt.
445 2772 462 2824 l.
483 2771 514 2839 l.,
542 2771 681 2836 Liu.19,
709 2770 807 2825 Festus
830 2788 857 2840 p.
877 2775 928 2825 369
955 2770 1065 2839 aliaque
1090 2770 1166 2842 apud
1192 2773 1272 2828 Ross-

101 2861 231 2914 bachium
251 2864 288 2930 (p.
309 2867 361 2914 345
376 2863 436 2931 sq).
466 2861 595 2916 solebant
615 2859 688 2913 huno
707 2860 790 2913 deum
805 2859 936 2915 inuocare
956 2860 1015 2914 siue
1035 2860 1158 2916 ‘Talasc’
1180 2860 1272 2930 (Mart.

101 2949 152 3003 XII
167 2954 209 3017 42,
224 2953 252 3019 4)
267 2948 326 3004 siue
342 2949 481 3004 ‘Talasio'
499 2950 592 3019 (Verg.
609 2949 695 3019 epigr.
713 2955 755 3016 12,
771 2954 787 3003 9
802 2952 831 3004 et
846 2955 887 3018 13,
903 2955 919 3003 6
935 2949 1030 3020 [ehu.
1048 2950 1072 3004 ll
1087 2969 1112 3020 p.
1131 2957 1181 3004 173
1193 2950 1270 3023 sq.]);

102 3038 228 3093 Catullus
247 3039 317 3093 satis
336 3039 436 3095 hebuit
454 3040 566 3094 breuem
586 3039 689 3094 inicere
709 3036 769 3093 eius
788 3039 973 3108 mentionem,
992 3039 1096 3111 quippe
1113 3040 1160 3108 qni
1180 3040 1272 3094 uersui

101 3128 262 3184 intercalari
281 3129 371 3183 minus
391 3132 465 3183 esset
483 3131 566 3199 aptus
594 3129 629 3182 ob
653 3131 781 3183 metrum.
820 3128 963 3184 ‘Talasio'
984 3129 1057 3184 sitne
1076 3145 1127 3200 pro
1146 3130 1268 3185 nomina·

100 3217 160 3272 tino
179 3235 214 3272 an
233 3236 284 3287 pro
304 3218 400 3273 datiuo
419 3219 576 3287 habendus,
600 3236 633 3273 ex
658 3235 727 3273 uoce
752 3221 884 3289 corrupta
904 3220 1014 3274 ‘lubet’
1036 3220 1148 3289 pendet.
1185 3220 1270 3290 uulgo

102 3324 151 3377 pro
170 3307 267 3363 datino
293 3311 431 3362 sumentes
455 3310 558 3377 putant
580 3308 729 3378 imperium
753 3309 808 3362 iam
828 3307 933 3363 Talasii
956 3327 1016 3363 ense
1039 3309 1183 3364 ferendum
1208 3327 1271 3364 con·

102 3397 201 3452 cubino
216 3397 288 3466 (Tib.
304 3396 317 3448 Ι
332 3403 356 3464 2,
372 3403 406 3452 99
425 3399 478 3452 tibi
495 3399 586 3452 debita
604 3399 689 3452 assuit
708 3415 781 3453 mene
795 3401 874 3466 mea),
894 3398 920 3452 h.
936 3414 958 3450 e.
976 3398 1147 3453 matrimonii
1160 3399 1272 3467 iugum3

102 3486 173 3552 quod
193 3488 322 3555 respectu
342 3485 448 3544 domini
472 3487 577 3540 dictum
604 3487 639 3539 ad
663 3486 826 3542 catamitum
850 3486 936 3541 etiam
960 3489 1087 3556 spectare
1107 3489 1170 3556 (129
1191 3493 1270 3557 sqq.).

102 3575 148 3628 sed
168 3576 270 3630 ‘lubet'
292 3580 398 3631 rectum
418 3594 478 3631 esse
498 3577 607 3645 nequit,
627 3574 731 3646 quippe
751 3576 825 3645 quod
845 3593 895 3630 nec
914 3575 941 3630 ei
960 3577 1007 3644 qui
1024 3577 1111 3631 uerba
1125 3576 1193 3631 facit
1207 3595 1269 3631 con·

102 3665 195 3720 ueniat
220 3683 270 3721 nec
297 3682 363 3720 uero
390 3666 509 3734 quadret
533 3666 561 3719 in
586 3665 771 3720 concubinum
797 3682 853 3720 non
876 3645 1005 3720 lnbent'er
1028 3666 1121 3720 hercle
1145 3683 1196 3721 nec
1220 3682 1269 3721 suo

102 3757 197 3823 sponte
217 3756 362 3809 cedentem
382 3755 434 3810 deo
454 3755 497 3809 illi
516 3760 577 3825 (nec
595 3772 662 3810 uero
681 3756 715 3810 ad
737 3754 837 3810 ‘lubet’
859 3756 988 3826 supplere
1010 3755 1077 3810 licet
1095 3757 1188 3810 mente
1209 3755 1270 3810 ‘do-

100 3843 172 3898 mino
192 3845 275 3913 tno’).
304 3845 374 3899 bene
390 3846 559 3900 Schraderus
581 3845 701 3918 [emend.
716 3864 743 3914 p.
761 3846 806 3915 10]
826 3845 945 3900 correxit
961 3845 1072 3913 ‘iubet',
1087 3850 1119 3898 ut
1134 3843 1266 3899 ‘Talasio’

100 3931 153 3987 iam
168 3934 205 3988 sit
219 3933 420 3989 nominatiuns:
441 3936 555 4006 nuptiae
575 3933 691 4004 (domini
710 3934 764 4004 tui)
783 3937 811 3988 te
831 3937 935 4004 cogunt
954 3934 1057 3988 seruire
1076 3951 1127 3989 nec
1147 3934 1269 4004 amplius

100 4038 156 4077 esse
179 4023 298 4077 inertem
322 4028 362 4091 (et
384 4026 438 4079 hoe
462 4025 612 4094 ambigue).
633 4056 666 4064 -
687 4023 753 4079 128.
776 4024 957 4095 concubine,
983 4038 1073 4079 nuces
1098 4023 1145 4078 da.
1183 4025 1270 4078 uerba

100 4112 227 4180 rhythmo
238 4130 287 4168 suo
298 4131 397 4182 parum
408 4115 489 4182 grato
500 4112 656 4184 depingunt
666 4112 884 4182 postulationem
893 4112 1014 4167 atrocius
1022 4112 1169 4180 prolatam.
1185 4112 1268 4167 simul

99 4203 303 4257 animaduertes
313 4205 421 4273 partem
432 4202 535 4257 ueteris
546 4221 641 4258 uersus
653 4203 749 4258 cretici
762 4201 821 4255 siue
832 4200 984 4256 fescennini
994 4204 1089 4270 (supra
1101 4221 1126 4271 p.
1138 4206 1173 4271 1),
1182 4203 1267 4259 disso-

99 4290 155 4346 luta
170 4310 270 4360 nempe
291 4293 380 4347 altera
399 4294 459 4348 arei.
477 4324 509 4332 -
530 4293 597 4348 123.
616 4292 779 4348 sordebant
797 4290 854 4346 tlhl
874 4291 995 4369 ulllcae.
1026 4291 1107 4360 Verg.
1124 4293 1175 4347 ecl.
1192 4300 1217 4359 2,
1233 4300 1267 4348 44

98 4383 204 4435 sordent
228 4383 279 4435 tibi
303 4399 415 4437 innuero
435 4389 542 4450 nostra,
569 4381 638 4437 Stat.
659 4381 720 4436 siln.
741 4381 800 4449 13,
821 4386 854 4435 38
878 4398 928 4434 cur
952 4381 1037 4436 oculte
1059 4382 1148 4436 sordet
1172 4385 1267 4437 uicina
