2940 4912
143 277 181 331 Vl
621 275 835 331 PRAEFATIO.

145 446 281 506 acumine
306 446 436 506 obscura
459 445 580 524 egregie
603 445 785 505 inlustrante
804 449 835 506 et
854 446 1001 506 sentiendi
1020 448 1230 524 cogitandique
1251 449 1320 508 sub-

143 545 257 604 tifitate
280 549 311 604 et
335 544 502 605 eruditione
525 545 557 602 in
581 544 719 604 omnibus
742 544 805 604 sere
828 545 999 604 lItterarum
1018 547 1208 623 antiquarum
1227 548 1319 621 parti-

144 644 201 702 bus
231 662 325 720 aequo
354 642 457 702 stabili
484 661 599 720 proque
627 643 688 703 illis
717 643 903 718 temporibus
932 645 1021 719 plane
1053 640 1259 723 admirabili*)
1289 650 1320 704 et

144 742 272 802 lectione
295 744 433 800 ueterum
456 742 637 817 scriptorum
661 740 847 817 amplissima
869 742 959 819 longe
979 744 1134 818 superauit
1152 743 1319 802 Achilles

145 839 289 900 Statius
317 839 481 899 Lusitanus
507 838 594 915 [Ven.
621 837 736 916 1566],
765 839 816 915 qui
844 838 977 898 dubitari
1004 841 1109 917 nequit
1136 841 1208 916 quin
1232 845 1266 900 ut
1289 841 1319 899 iu

145 942 230 999 textu
261 937 446 998 emendando
478 956 538 997 non
573 937 763 997 mediocriter
795 937 839 995 ita
870 938 901 995 in
931 938 1155 1014 interpretando
1188 940 1319 999 omnium

145 1037 257 1112 optime
276 1035 312 1095 de
332 1035 450 1095 Catullo
471 1036 511 1095 sit
528 1036 663 1096 meritus.
696 1035 824 1112 deniquo
839 1035 987 1112 Iosepbi
1002 1037 1182 1113 Scaligeri
1201 1038 1320 1096 subitae

146 1153 235 1195 curae
258 1126 474 1214 (elegiacorum
497 1133 590 1194 editio
613 1153 673 1193 uno
692 1151 807 1207 mense,
831 1138 866 1194 ut
889 1135 953 1211 ipse
972 1136 1156 1212 adfirmauit,
1181 1137 1319 1197 absoluta

146 1233 274 1307 primum
302 1230 414 1307 prodiit
441 1231 582 1291 Lutetiae
613 1233 674 1292 157
679 1233 706 1305 7,
736 1232 846 1292 11616111
873 1238 963 1293 66616
990 1234 1210 1311 Heidelbergae
1236 1238 1320 1294 1606

148 1323 343 1409 saepiusque)
367 1349 426 1390 non
449 1332 513 1389 tam
536 1348 572 1388 611
595 1333 677 1390 66116
699 1328 799 1405 poesis
827 1331 939 1390 latinae
962 1332 1132 1408 cognitione
1155 1333 1321 1408 iudicioque

146 1427 278 1503 eleganti
300 1447 390 1505 quam
419 1447 454 1488 ex
477 1430 618 1487 accurata
639 1428 754 1503 priscae
782 1428 945 1488 latinitatis
969 1430 1093 1489 scientia
1115 1431 1321 1507 profundaque

146 1525 282 1586 doctrina
309 1523 428 1585 Catullo
457 1524 585 1584 maxime
612 1525 693 1584 haud
721 1543 828 1601 parum
857 1529 930 1604 prol
951 1529 981 1588 't.
1007 1557 1046 1570 —
1077 1548 1132 1589 1166
1155 1531 1322 1589 Iauorurn

146 1625 362 1701 Dousarum,
395 1625 490 1700 patris
520 1617 749 1700 ‘praecidanoa’
781 1618 941 1706 (Antuerp.
967 1618 1068 1704 1582)
1101 1628 1132 1686 et
1160 1626 1213 1685 filii
1242 1622 1321 1685 ‘con-

147 1716 294 1782 iectanea'
319 1715 365 1801 (in
388 1722 517 1781 editione
536 1722 717 1782 ereticorum
737 1725 986 1800 castigatissima,
1009 1724 1105 1800 Lugd.
1126 1725 1191 1784 aar..
1215 1717 1323 1804 1662),

148 1820 267 1880 61166116
290 1816 560 1897 plaetermittenda
583 1823 655 1879 sunt
677 1820 786 1880 studia.

237 1917 395 1978 Saeculum
418 1918 505 1977 XVII
530 1921 562 1977 et
584 1917 701 1994 XVIII,
730 1922 765 1976 ut
788 1924 855 1980 erat
879 1921 977 1979 mInus
1005 1921 1090 1980 ferax
1113 1921 1182 1980 altis
1207 1921 1325 1980 subtili-

147 2017 265 2092 busque
293 2017 435 2093 ingeniis‚
469 2019 575 2076 uastae
602 2015 731 2075 maxime
760 2016 912 2076 doctrinae
942 2018 1042 2093 copias
1071 2019 1231 2095 congessit.
1283 2021 1325 2079 sic

149 2115 332 2193 Iohannis,
345 2114 553 2174 Passeratii
573 2107 801 2173 ‘commentarii'
822 2108 961 2194 (Parisiis
982 2109 1083 2195 1608)
1102 2120 1223 2175 auctore
1247 2136 1324 2175 mor-

149 2213 310 2285 16666111,
338 2213 381 2272 sic
403 2212 482 2271 Iani
507 2210 692 2271 Gebbardi
716 2205 1014 2273 ‘animaduersiones'
1046 2218 1077 2272 et
1104 2214 1127 2271 I.
1153 2214 1325 2291 Meleagri

149 2303 360 2387 ‘spicilegium'
385 2302 430 2391 (in
455 2310 585 2370 editione
611 2309 813 2385 elegiacomm
836 2310 1074 2370 Francolurtana
1097 2330 1123 2371 a.
1149 2305 1260 2392 1621),
1284 2313 1326 2371 616

150 2410 277 2469 maxime
300 2409 421 2469 Isaaci
444 2409 568 2469 Vossii
589 2403 742 2488 (Londinii
763 2399 864 2489 1684)
888 2410 919 2467 61
938 2408 1091 2467 Antonii
1109 2408 1235 2485 Vulpii
1259 2406 1327 2488 (Pa-

151 2507 226 2567 lauii
250 2498 352 2586 1737)
382 2511 414 2568 61
437 2506 633 2568 Conradini
663 2508 704 2567 de
729 2507 827 2566 Allio
850 2499 971 2588 (Venet.
996 2498 1096 2585 1736)
1120 2508 1151 2565 in
1175 2509 1328 2567 Catullum

151 2605 358 2664 commentarii
375 2624 435 2664 non
455 2605 646 2665 mediocriter
664 2608 886 2666 enarrationem
905 2608 1012 2681 poetae
1030 2608 1255 2681 promouerunt.
1294 2626 1329 2665 61

151 2704 261 2781 quibus
288 2702 477 2762 Passeratius
506 2706 536 2761 et
566 2703 695 2778 Vulpius
727 2704 918 2778 potissimum
952 2704 1132 2764 cumulando
1165 2724 1201 2763 61
1234 2706 1330 2763 mults

151 2802 279 2861 lectione
293 2801 372 2861 locos
388 2818 462 2876 quos
477 2803 585 2858 uocant
599 2800 763 2874 parallelos
782 2801 975 2876 aliquatenus
989 2807 1221 2877 compensarunt
1235 2822 1328 2862 uenae

152 2899 274 2960 criticae
296 2896 456 2974 iudiciique
480 2896 601 2955 subtilis
626 2897 794 2956 absentiam
819 2917 945 2958 omnem.
993 2898 1120 2958 Vossius
1144 2903 1259 2974 autem,
1283 2900 1328 2955 bis

152 3002 184 3057 et
207 2996 323 3057 acutior
345 2999 376 3055 et
398 2993 556 3068 eruditior,
580 3012 649 3053 rara
677 3012 737 3071 qua
759 2996 927 3054 excellebat
950 2995 1086 3055 doctrina
1109 2996 1205 3055 multo
1229 2995 1327 3070 magis

153 3095 221 3154 61116
249 3092 434 3170 quibuslibet
460 3091 649 3168 antiquitatis
678 3091 815 3167 partibus
847 3093 879 3151 in
902 3093 957 3152 boc
984 3110 1074 3168 opere
1103 3093 1215 3168 proluit
1238 3112 1328 3168 quam

154 3194 181 3253 ei
205 3191 436 3269 quamproprie
465 3190 655 3249 tractandum
683 3189 740 3248 sibi
770 3190 902 3266 sumpsit
928 3194 1036 3266 poetae
1064 3190 1263 3266 aequabiliter
1286 3191 1328 3248 in-

153 3291 326 3367 lustrand03
349 3289 396 3348 cui
419 3290 589 3365 praeterea,
614 3290 649 3347 ut
671 3290 737 3347 erat
759 3287 912 3364 ingenium
931 3290 1050 3364 saepius
1069 3307 1256 3364 peruarsum,
1279 3289 1329 3347 ob-

155 3389 247 3448 trusit
272 3387 353 3447 baud
374 3405 443 3446 raro
462 3390 630 3447 commenta
651 3386 689 3445 ab
712 3385 792 3445 omni
810 3385 1025 3461 probabibtate
1044 3387 1245 3447 abhorrentia.
1284 3387 1329 3445 bis

155 3487 199 3546 ita
222 3506 255 3546 66
278 3486 457 3547 habentibus
481 3490 581 3546 actum
604 3502 670 3545 esse
692 3487 794 3560 posset
815 3483 913 3543 uideri
932 3502 985 3558 per
1005 3484 1064 3544 duo
1083 3485 1137 3543 illa
1156 3487 1276 3545 saccula
1295 3487 1331 3545 de

156 3586 317 3644 uenustate
341 3583 508 3659 explicandi
531 3587 562 3643 et
584 3582 721 3643 acumine
744 3582 848 3643 critico
872 3575 918 3660 (61
939 3583 996 3641 hae
1020 3583 1178 3658 praecipue
1202 3583 1331 3642 uirtutes

156 3681 269 3740 Catulli
301 3682 498 3756 interpretem
531 3682 569 3740 ad
597 3681 732 3740 Muretus
764 3684 796 3741 et
823 3682 935 3742 Statius
967 3682 1190 3758 adspiraturum
1223 3683 1333 3741 debent

156 3772 292 3858 6111616),
315 3778 374 3838 nisi
397 3780 425 3838 61
449 3780 500 3856 qui
524 3780 596 3839 data
618 3780 773 3839 occasione
796 3783 828 3839 et
849 3781 944 3858 magis
972 3780 1004 3839 in
1026 3785 1201 3839 transcursu
1226 3785 1332 3855 poetae

155 3876 339 3937 Veronensis
377 3876 616 3937 emendationem
652 3877 823 3954 tetigerunt
854 3879 975 3954 egregie
1007 3879 1076 3938 buic
1112 3878 1332 3938 consuluissent

230 4054 257 4123 *)
280 4072 336 4110 non
355 4056 446 4111 solum
465 4053 662 4125 inscriptiones
682 4057 753 4112 benc
776 4057 903 4128 cognitas
921 4057 1034 4126 babuit,
1060 4058 1108 4113 sed
1134 4058 1220 4113 etiam
1239 4076 1333 4127 gram·

158 4136 326 4190 maticorum
340 4152 426 4206 opera
440 4151 495 4190 non
510 4135 651 4205 uulgaria;
666 4137 746 4191 uelut
754 4136 860 4192 Placidi
873 4138 982 4208 glossas
997 4136 1221 4208 pretiosissimas,
1237 4141 1333 4193 nostro

159 4234 205 4271 eas
225 4217 337 4270 saeculo
356 4214 463 4285 publici
482 4215 549 4270 iuris
573 4217 675 4284 lactas,
695 4217 752 4271 iam
775 4216 902 4273 manibus
926 4217 1043 4271 triuerat
1063 4215 1194 4270 usurum
1218 4223 1270 4284 (ur.
1291 4237 1333 4286 gr.

159 4296 195 4351 acl
211 4295 286 4350 XLII
302 4302 334 4350 13
348 4297 454 4351 adfert:
475 4296 619 4351 ‘Placidus
633 4296 661 4350 in
676 4297 790 4366 glossis:
808 4298 888 4352 111616
903 4312 942 4363 oa,
959 4299 1124 4366 patientium
1138 4298 1272 4352 calcetum
1291 4301 1335 4352 uel

159 4377 345 4432 crudelitatem
364 4379 395 4432 in
413 4376 512 4446 rteta'3
532 4376 567 4432 cf.
587 4377 653 4433 edit.
672 4376 783 4432 Dcuerl.
801 4394 830 4446 p.
848 4382 891 4445 60,
912 4382 965 4447 16).
