2940 4912
653 312 708 366 LX·
1200 310 1263 374 291

92 473 131 527 sit
148 473 264 528 missum
283 473 479 543 pertineatqne
494 471 632 550 dubitent.
662 469 754 523 missis
774 469 818 523 his
833 468 995 539 opinionum
1010 470 1175 525 commentis
1190 470 1266 539 qnod

91 564 199 617 eertum
218 564 260 615 est
281 561 429 632 proferam.
467 578 531 615 nam
555 563 653 614 contre
676 558 720 612 ius
743 558 842 626 fasque
866 561 961 613 carent
984 558 1013 613 hi
1033 576 1128 613 uersus
1153 558 1266 613 nomine

91 651 163 718 eine,
184 651 218 704 ad
238 666 322 719 quem
342 653 407 704 sunt
425 650 497 704 dati:
516 666 608 717 neque
623 648 727 702 Catulli
747 663 836 716 neque
856 649 928 701 alius
944 652 1043 718 poetae
1062 647 1127 714 (nisi
1143 648 1265 702 certissi-

91 756 155 793 mae
174 740 296 793 rationes
315 739 428 806 adsunt,
455 737 544 791 ueluti
569 737 592 790 si
612 741 686 792 tecte
712 736 856 806 adpetitur
873 737 1013 806 inimicus)
1037 738 1091 791 hoo
1110 736 1269 792 defenditur

92 828 228 896 exemplo.
266 845 348 897 porro
368 826 499 896 equidem
517 826 603 880 facile
622 827 807 896 persentisco,
827 825 940 880 initium
956 827 1153 881 tantummodo
1169 827 1268 880 adesse

91 917 292 986 querellarum,
312 933 368 971 non
388 917 439 970 has
459 916 593 983 integros.
623 914 691 985 qnid
710 915 817 969 multa?
836 916 866 968 hi
885 932 981 969 uersus
1000 915 1036 969 ad
1055 917 1175 971 amicum
1194 916 1268 970 male

91 1005 178 1060 lidum
197 1005 317 1060 similem
339 1005 430 1060 Alieni
449 1002 549 1073 (XXX)
572 1007 602 1058 et
621 1003 760 1059 Cornificii
781 1003 958 1073 (xxxdie,
984 1005 1101 1060 fortasse
1122 1006 1208 1059 etiam
1232 1005 1268 1059 ad

91 1096 192 1150 borum
210 1093 376 1149 alterutrum
396 1092 474 1147 missi
493 1110 544 1148 suo
562 1092 616 1148 fine
640 1097 748 1159 earont;
775 1094 973 1164 perieruntque
996 1111 1134 1149 unacum
1154 1095 1207 1149 hoe
1226 1113 1267 1149 re·

90 1184 172 1254 liqna
190 1181 272 1239 huius
290 1183 356 1237 libri
373 1182 457 1251 primi
477 1183 610 1236 earmina.
648 1198 700 1236 nec
719 1183 799 1236 deest
817 1186 959 1237 externum
979 1182 1061 1237 huius
1082 1183 1124 1237 rei
1141 1183 1268 1238 testimo-

92 1273 184 1341 nium,
203 1271 341 1340 siqnidem
360 1270 383 1327 0
402 1273 468 1341 post
486 1277 543 1324 no
563 1272 686 1340 spatium
707 1273 830 1341 quinque
845 1288 974 1325 uersuum
989 1273 1017 1326 in
1032 1273 1136 1342 pagine
1151 1275 1269 1327 exeunte

93 1378 213 1416 uacuum
233 1361 359 1429 reliquit,
379 1359 438 1414 sine
458 1360 625 1429 exemplaris
645 1359 814 1415 Veronensis
839 1361 923 1415 fidem
942 1363 1053 1415 secutus
1079 1361 1177 1416 itidem
1194 1361 1269 1416 laen-

92 1468 159 1507 nam
185 1450 347 1506 adnotantis
370 1450 430 1503 siue
454 1450 489 1503 de
514 1467 563 1503 suo
587 1448 716 1519 pagellas
739 1451 767 1503 in
792 1450 844 1503 hoc
863 1448 925 1519 ipso
950 1450 1109 1505 deficientes
1133 1451 1268 1505 indicans.

92 1545 244 1612 prepterea
266 1543 361 1595 antem
384 1539 439 1593 hoe
461 1539 563 1593 summi
587 1539 632 1593 est
654 1539 802 1606 momenti,
821 1539 896 1608 qnod
918 1539 966 1593 ubi
993 1539 1152 1609 fragmenta
1170 1540 1269 1594 1-1v

91 1629 162 1684 olim
181 1628 330 1684 habuerint
347 1629 442 1683 eedem
461 1644 534 1682 nuno
553 1626 737 1697 probabiliter
756 1630 879 1682 statuere
898 1628 972 1683 lieet.
1001 1629 1086 1698 periit
1099 1629 1186 1698 igitur
1201 1629 1266 1684 libri

93 1718 178 1790 primi
204 1720 309 1785 exitus;
337 1735 401 1773 nam
429 1733 502 1785 quae
528 1715 587 1771 iam
613 1719 746 1771 secuntur
769 1717 893 1772 earmina
918 1718 1024 1773 maiora
1051 1719 1087 1772 sd
1116 1718 1267 1772 secundum

94 1807 197 1863 librum
216 1807 358 1878 pertinent
376 1808 472 1877 <supra
489 1825 517 1876 p.
533 1811 567 1862 60
582 1808 644 1875 sq.).
