2940 4912
609 320 894 378 PROLEGOMENA.
1298 329 1340 392 27

151 491 233 564 Iulia,
256 489 298 549 de
316 509 384 567 qua
404 489 526 551 Seneca
544 490 572 551 d
591 490 657 550 ben.
675 489 720 549 VI
739 493 792 567 32,
813 495 829 551 1
855 495 998 553 adaaisscs
1019 498 1163 569 gregatim
1186 498 1341 566 adrrlicros,

147 595 334 664 pamniam
347 592 507 649 naamis
520 591 768 649 comissationibus
782 592 940 659 aetatem,
965 593 1064 666 saum
1079 596 1173 666 ursam
1187 613 1222 653 ac
1235 601 1341 664 rostra,

149 706 180 746 ct
200 689 309 761 arabae
327 692 426 761 paics
446 687 535 761 leam
553 689 590 747 de
607 687 760 746 adaltmis
778 688 892 756 tulerat,
914 690 996 762 filias
1017 693 1050 748 ia
1068 696 1171 764 stupra
1183 692 1340 765 placuisse,

150 784 341 844 callidiormm
367 785 411 844 ad
435 785 596 860 Marsyam
619 802 803 854 concursum,
833 805 898 846 mm
921 805 955 846 aa
978 789 1113 847 adultera
1136 791 1166 847 ia
1189 795 1341 862 quaestua-

147 886 219 942 riam
237 902 332 943 uersa
355 885 405 943 ias
424 885 520 942 manis
538 884 668 942 licentiae
681 885 734 943 sab
756 886 849 958 igneio
871 887 1001 944 adultero
1014 891 1166 960 pateretur
1185 879 1340 966 (‘peteret'

148 973 260 1061 uulgo).
311 999 419 1057 neque
449 980 521 1040 talis
544 998 662 1038 morum
692 981 869 1057 deprauatio
898 982 996 1042 afine
1024 983 1136 1044 liberae
1160 985 1340 1059 reipublicae

99 1120 108 1144 .
148 1078 256 1155 aliens,
287 1083 325 1138 nt
349 1078 489 1151 Muciae
512 1077 635 1153 Pompei
657 1078 773 1153 uxoris,
797 1081 967 1157 exemplum
991 1072 1089 1162 (CXII
1091 1074 1172 1162 1)f
1171 1084 1218 1141 ort
1219 1101 1286 1142 asse
1309 1088 1341 1143 et

149 1175 323 1236 Postumiae
349 1125 489 1256 (XXVII
513 1170 564 1256 3),
588 1177 728 1236 ostendit

234 1273 402 1334 Catullum
426 1273 558 1333 Lesbiae
581 1275 688 1347 amori,
711 1275 764 1333 ubi
787 1275 879 1334 semel
903 1276 950 1335 hic
973 1281 1105 1337 mentem
1128 1278 1209 1337 illius
1233 1279 1338 1338 rudem

150 1382 178 1431 et
206 1391 279 1432 uero
311 1389 422 1432 amore
446 1370 581 1430 nondum
607 1375 720 1432 tactam
748 1372 862 1432 inuasit
888 1377 1123 1450 occupatumque
1146 1376 1257 1449 tenuit,
1281 1396 1337 1437 uon

151 1472 208 1530 leni
229 1471 336 1531 animo
361 1469 547 1542 indulsisse,
572 1468 624 1529 sed
647 1488 748 1528 secum
768 1490 920 1547 pugnasse
944 1476 976 1530 et
998 1473 1195 1532 reluctantem
1221 1474 1267 1533 dei
1291 1495 1338 1533 ur-

152 1570 266 1645 guentis
281 1568 419 1646 imperio
434 1567 562 1627 cessisse
576 1586 629 1627 nos
644 1569 753 1629 docent
768 1588 874 1629 uersus
888 1569 1042 1629 tenerrimi
1054 1564 1197 1630 vasssb
1210 1575 1249 1631 13
1262 1592 1339 1649 sqq.;

152 1685 243 1745 neque
268 1672 385 1743 postea
413 1664 544 1724 iniuriae
572 1665 701 1725 ahenam
730 1685 853 1726 uxorem
881 1667 1050 1743 appetendo
1073 1667 1170 1728 factae
1194 1672 1338 1730 memoria

153 1784 216 1825 oum
239 1765 372 1842 reliquit
396 1755 565 1845 (LXVIIIb
589 1757 656 1845 38).
702 1765 755 1824 sed
782 1765 898 1824 frustra
921 1784 986 1825 sese
1015 1767 1133 1826 incusat
1156 1769 1337 1828 temeritatis

155 1876 181 1922 rt
200 1864 348 1923 licentiae
374 1860 504 1938 natine,
526 1859 641 1920 frustra
664 1881 682 1922 a
705 1861 894 1939 philosophia
917 1854 951 1943 (a
969 1881 1029 1939 qua
1048 1864 1204 1923 abhorruit
1224 1856 1337 1942 mento)

155 1980 237 2037 open
260 1960 477 2035 auxiliumque
500 1958 532 2017 in
555 1960 642 2018 aestu
666 1978 720 2019 suo
743 1960 832 2035 petiit
855 1954 911 2040 (LI
938 1955 1084 2043 13-sqq.):
1108 1962 1155 2021 uis
1178 1963 1336 2022 uehemen-

155 2062 251 2137 n'sque
276 2060 413 2119 allectus
437 2075 506 2116 eum
530 2076 597 2117 mox
616 2059 719 2136 adegit
739 2057 776 2116 ad
796 2077 927 2118 amorem
947 2078 1034 2119 suum
1054 2060 1180 2120 Lesbiae
1198 2060 1338 2136 profiten-

155 2156 221 2217 dum
239 2159 272 2218 in
291 2156 432 2217 carmine
451 2153 505 2229 LI,
525 2155 604 2233 quod
623 2175 659 2216 ex
679 2157 735 2216 ode
755 2159 883 2233 quadam
902 2159 1037 2234 poetriae
1056 2155 1184 2219 Lesbiae
1200 2159 1337 2235 Sapphus

156 2249 256 2333 l'qnsm
285 2253 434 2314 Lesbiam
457 2253 623 2315 Romanam
650 2256 778 2314 maxime
806 2256 837 2314 iu
865 2256 978 2316 deliciis
1011 2256 1151 2316 habuisse
1180 2257 1247 2316 hinc
1271 2277 1337 2317 con-

155 2353 336 2414 cludendum
360 2342 423 2430 est)
452 2351 484 2410 iu
512 2351 636 2412 latinam
664 2354 797 2428 linguam
827 2358 873 2413 est
902 2373 1092 2428 conuersum,
1122 2355 1180 2413 uisi
1203 2354 1282 2430 quod
1306 2355 1337 2414 in

158 2452 210 2512 ine
228 2470 328 2512 nnnm
347 2449 494 2526 strophen
513 2451 695 2528 aplorisque
708 2469 769 2510 non
783 2451 967 2511 intellectam
986 2453 1023 2512 do
1038 2471 1091 2512 suo
1110 2452 1218 2511 adiecit
1238 2455 1337 2527 poete,

157 2552 264 2627 nque
291 2547 392 2608 animi
419 2548 499 2607 inter
528 2566 610 2623 spem
638 2551 811 2624 metumque
839 2549 923 2608 dubii
951 2556 982 2609 et
1010 2569 1082 2609 suae
1110 2550 1167 2608 sibi
1195 2549 1337 2608 audaciae

156 2649 260 2707 moscii
284 2651 408 2705 statum
431 2645 552 2721 egregie
581 2647 734 2722 expressit.
780 2645 923 2704 feminam
951 2668 1068 2724 quoque
1092 2649 1123 2707 in
1146 2648 1232 2706 initio
1256 2652 1336 2708 certe

156 2747 275 2820 probam
301 2744 525 2818 honestamque
549 2745 684 2803 uidemus
708 2762 762 2819 per
780 2744 899 2820 aliquod
924 2749 1041 2822 tempus
1067 2747 1156 2805 officii
1180 2765 1252 2823 erga
1275 2766 1336 2806 ma-

156 2850 240 2902 arum
266 2860 438 2901 memorem
462 2843 610 2901 restitisse
632 2843 770 2918 precibus
789 2843 887 2917 cupidi
907 2846 1058 2904 amatoris.
1091 2847 1142 2921 qni
1161 2865 1219 2920 quo
1239 2848 1336 2922 magis

156 2943 320 3015 macllexit,
346 2939 489 2998 Lesbiam
513 2942 607 2999 amori
631 2960 684 2999 suo
708 2941 887 3016 respondere
911 2961 1014 3000 amore
1035 2935 1156 3023 (XCII),
1181 2962 1215 3002 eo
1239 2944 1335 3002 minus

154 3043 308 3101 dubitauit
335 3038 374 3097 nd
400 3037 560 3097 sollemnes
580 3038 760 3098 descendere
785 3042 876 3111 artes,
902 3039 1009 3115 quibus
1035 3045 1098 3098 tum
1123 3041 1336 3116 oppugnabant

153 3141 296 3199 mulieres
334 3136 549 3212 pertinaciores
582 3130 698 3216 (ueluti
730 3136 871 3194 maritum
909 3138 972 3195 eius
1006 3143 1039 3196 ut
1071 3139 1188 3197 fatuum
1221 3138 1336 3196 deridet

150 3260 169 3297 e
192 3227 395 3314 ΒΧΧΧΙΠ).
442 3233 496 3291 hoc
524 3238 625 3292 autem
654 3238 784 3308 tempus,
808 3255 865 3310 quo
890 3237 1002 3295 mutuis
1031 3237 1075 3294 illi
1103 3239 1209 3296 animis
1233 3242 1336 3295 amant

149 3346 290 3397 mentor
324 3333 404 3391 clam
434 3336 464 3390 et
488 3332 551 3391 sine
582 3333 776 3391 conueniendi
806 3352 907 3392 secure
936 3335 1101 3409 occasione,
1130 3336 1334 3393 dulcissimum

149 3456 167 3491 ·;.
187 3435 198 3492 Ι
225 3435 267 3495 ob
294 3431 404 3490 oculos
429 3429 513 3488 uobis
534 3432 626 3505 ponit.
660 3432 800 3490 subuenit
818 3451 886 3493 mox
906 3434 1022 3492 miseris
1042 3434 1219 3508 domumque
1240 3452 1334 3505 suam,

153 3535 193 3591 ,bi
207 3529 420 3591 conuenirent
432 3533 660 3605 exercerentque
672 3549 796 3602 amores,
808 3532 926 3605 aperuit
936 3532 1034 3590 Allius
1045 3533 1164 3608 quidam
1177 3523 1335 3611 (LXVIIIb

148 3634 183 3689 ‘Eo
199 3622 299 3707 saep),
329 3627 497 3686 communis
520 3628 647 3687 fortasse
666 3629 791 3702 amicus,
811 3633 890 3687 certo
909 3634 1027 3704 poetae,
1052 3630 1102 3705 qui
1122 3634 1226 3705 postea
1245 3629 1334 3689 huius

145 3828 243 3885 inimo
270 3821 399 3883 lubenti
422 3827 577 3897 gratoque.
623 3824 675 3882 sod
699 3824 790 3883 breue
814 3825 872 3883 fuit
859 3829 963 3900 spa
965 3845 1026 3882 rum
1050 3826 1123 3884 illud
1148 3828 1232 3903 selix,
1256 3830 1333 3904 quod

145 3944 237 3999 pauca
261 3918 444 3999 poematica
467 3911 508 3996 (V
539 3914 666 3998 etVII)
695 3926 847 3981 ostanus
875 3925 906 3980 et
934 3944 986 3999 per
1014 3925 1092 3999 quod
1121 3945 1179 3983 non
1208 3946 1261 4000 pos
1249 3930 1335 3984 esunt

144 4043 195 4081 :an
222 4021 351 4095 scripta
382 4035 448 4076 esse
479 4018 609 4076 carmina
632 4019 670 4077 ad
694 4019 912 4078 Fabullumt
882 4024 912 4078 et
936 4020 1099 4079 Veranium
1129 4042 1164 4079 ox
1190 4023 1242 4080 lli
1230 4026 1334 4097 panio

144 4122 266 4179 :vinces
294 4115 473 4192 spectantia
497 4109 562 4193 (IX,
591 4115 650 4191 ΙΙΙ,
674 4112 811 4195 XIII),
803 4137 834 4174 m
861 4119 968 4192 quibus
999 4120 1096 4178 obiter
1118 4120 1237 4194 puellae
1262 4141 1333 4179 errae

143 4220 209 4279 istit
235 4214 442 4277 mentionem

229 4314 359 4377 Acerbo
387 4311 526 4369 sominae
550 4331 619 4370 casu
644 4333 726 4371 amor
750 4314 800 4372 ille
825 4314 923 4374 subito
948 4316 1101 4389 disruptus
1127 4318 1173 4372 ost
1196 4335 1230 4374 oo
1254 4319 1332 4392 quod

145 4416 256 4474 t'atulli
284 4414 391 4472 frater
415 4409 629 4469 dilectissimus
649 4412 793 4469 incertum
818 4432 876 4487 quo
900 4414 987 4472 mode
1012 4414 1041 4470 iu
1066 4412 1182 4473 Troade
1206 4420 1331 4474 mortens
