2940 4912
146 308 167 372 8
587 309 873 366 PROLEGOMENA.

145 480 315 555 exemplum
344 479 485 556 sumpsit,
513 479 565 540 sed
593 483 693 539 cetera
715 472 862 556 (maxima
885 480 918 539 in
940 473 1060 560 uerbis)
1084 480 1246 541 consimilis
1271 484 1318 540 est

144 575 260 635 Laeuii

234 673 413 733 Habuerunt
427 673 516 732 huius
530 673 686 732 conamina
699 674 756 735 hec
769 675 889 750 benum,
908 675 987 750 quod
1000 693 1130 750 quanam
1150 674 1201 733 aia
1214 676 1316 750 perfici

145 776 247 847 posset
264 776 299 830 ut
317 770 406 847 digne
424 769 628 829 cumGraecis
646 770 677 828 iu
692 772 795 848 lyricis
814 790 932 847 quoque
946 773 1170 832 aemularentur
1183 773 1318 847 Romani,

145 868 371 945 inuestigabaut
384 868 442 926 uiri
460 867 630 927 litterarum
644 869 811 944 patriarum
830 873 966 928 amantea
981 887 1090 944 easque
1109 871 1146 929 ab
1160 870 1216 928 hac
1230 875 1317 946 parte

145 970 207 1025 tam
230 967 339 1025 misere
362 965 460 1024 iacere
484 965 628 1026 dolentes.
669 967 881 1027 Alexandrinis
906 968 1125 1043 exemplaribus
1147 986 1207 1026 uon
1229 988 1317 1043 posse

146 1064 241 1123 careri
265 1065 344 1123 ultro
367 1063 480 1139 patuit:
510 1062 588 1122 unde
612 1065 691 1123 enim
718 1065 793 1124 alios
820 1068 1018 1143 melioresque
1042 1065 1101 1126 sibi
1124 1067 1317 1127 adsumerent

145 1160 326 1238 magIstros?
349 1161 394 1219 illi
418 1161 527 1237 quippe
547 1164 613 1220 tum
637 1164 675 1222 ab
698 1164 839 1224 uniuerso
863 1167 935 1224 orbe
958 1183 1066 1241 graeco
1087 1164 1262 1223 celebantur
1285 1169 1317 1225 et

145 1264 180 1318 ut
201 1262 358 1336 poetarum
379 1259 544 1319 recentium
567 1261 720 1336 praecipui
744 1265 775 1321 et
793 1268 828 1322 ut
846 1263 926 1323 unici
944 1263 982 1321 ad
1000 1262 1105 1337 poesin
1123 1263 1314 1323 tendentibus

145 1360 366 1433 praeceptores,
398 1358 467 1417 illos
499 1357 662 1417 identidem
691 1361 832 1420 Romanis
864 1361 1041 1436 ingerebant
1070 1360 1248 1436 quicumque
1281 1380 1315 1421 aa

145 1459 245 1513 aetate
263 1455 294 1513 iu
313 1455 386 1515 urbe
406 1454 557 1532 degebant
570 1458 759 1531 grammatici
778 1460 877 1534 graeci
896 1464 958 1517 tam
978 1477 1014 1516 ex
1032 1458 1101 1517 aliis
1117 1459 1205 1518 terris
1225 1478 1315 1535 quam

144 1572 181 1612 ex
206 1554 273 1629 ipsa
299 1552 481 1612 Alexandria
506 1553 580 1614 nati.
626 1558 657 1613 et
683 1556 946 1630 grammaticorum
976 1561 1041 1615 turn
1069 1556 1100 1614 in
1128 1557 1191 1615 dies
1219 1558 1314 1617 maior

143 1651 307 1711 auctoritas
330 1669 396 1710 esse
420 1655 558 1727 coeperat
580 1652 701 1714 Romae.
741 1654 802 1712 iam
825 1657 961 1713 ueterum
983 1653 1128 1726 nonnulli,
1151 1655 1186 1711 ut
1209 1655 1314 1715 Liuius

144 1749 332 1808 Andronicus
355 1753 387 1807 et
405 1749 519 1809 Ennius
543 1751 632 1809 simul
655 1751 845 1826 grammatici
868 1756 899 1810 et
921 1756 1028 1827 poetae
1047 1752 1181 1827 fuerant,
1205 1753 1257 1811 sed
1276 1753 1314 1811 ab

144 1847 190 1906 his
208 1866 389 1923 magnopere
408 1848 570 1920 distabant,
589 1848 668 1924 quod
687 1850 724 1908 ad
744 1850 909 1909 doctrinam
928 1850 1022 1908 altam
1041 1849 1315 1924 multiformemqae

144 1944 298 2005 scientiam
323 1945 443 2020 attinet,
468 1946 495 2004 ei
524 1946 575 2021 qui
599 1951 733 2022 tempore
756 1945 950 2006 Ciceroniauo
979 1948 1196 2023 profitebantur
1218 1950 1315 2006 artem

143 2041 370 2119 grammaticam
394 2040 512 2115 Graeci,
535 2042 587 2118 qui
610 2044 745 2102 certatim
771 2047 824 2103 aut
847 2045 905 2120 ipsi
928 2047 1133 2104 confluxerunt
1156 2046 1186 2102 in
1210 2044 1316 2103 urbem

146 2144 199 2200 aut
223 2141 343 2200 deducti
366 2146 437 2199 suut
459 2159 477 2198 a
498 2140 663 2216 nobilibus,
686 2160 813 2216 quorum
836 2143 866 2201 iu
889 2143 1026 2202 domibus
1049 2148 1103 2202 aut
1125 2142 1228 2202 liberis
1252 2162 1317 2203 eru-

144 2239 260 2298 diendis
274 2243 328 2298 aut
341 2237 539 2315 bybliothecis
553 2238 724 2297 ordinandis
739 2246 793 2298 aut
806 2240 845 2299 ad
858 2241 982 2300 consilia
995 2241 1026 2299 in
1040 2243 1130 2301 rebus
1146 2241 1184 2299 ad
1198 2240 1315 2299 litteras

144 2338 350 2414 spectantibus
373 2336 473 2395 danda
495 2336 723 2398 adhibebantur.
771 2339 907 2414 exempla
930 2338 988 2397 tibi
1010 2338 1131 2398 exhibet
1155 2337 1315 2398 Suetonius

143 2435 181 2495 de
203 2455 330 2512 gramm.
354 2429 422 2515 (ubi
444 2434 481 2494 cl.
503 2435 632 2495 maxima
655 2454 679 2494 c.
700 2434 748 2515 3);
778 2434 924 2495 uidendua
949 2439 980 2493 et
1002 2434 1165 2494 Merkelius
1188 2436 1225 2493 ad
1248 2435 1316 2494 Ibin

144 2554 172 2609 p.
188 2535 262 2608 356,
283 2538 311 2592 7.
354 2533 472 2609 publice
496 2552 614 2609 quoquc
638 2534 767 2595 docendo
790 2534 835 2593 illi
858 2534 897 2592 ad
919 2534 1031 2592 famam
1054 2533 1315 2610 dignationemque

144 2636 304 2706 uenaruut3
328 2633 430 2707 eisque
453 2632 580 2690 maxime
604 2632 777 2692 auctoribus
801 2635 867 2691 tum
890 2630 1073 2690 increbuisse
1098 2630 1218 2690 uidetur
1240 2649 1314 2706 mos,

144 2731 187 2800 nt,
202 2729 254 2805 qui
268 2727 348 2805 apud
363 2729 505 2804 uulgares
520 2729 731 2804 grammatices
751 2731 812 2789 iarn
825 2735 1028 2806 cognouerant
1042 2733 1146 2805 poetas
1163 2730 1191 2787 iu
1206 2731 1315 2804 puerili

144 2827 335 2886 institutione
363 2826 456 2884 lectos
480 2817 659 2906 (Homerum
684 2830 758 2902 puta
786 2832 817 2886 et
839 2827 1035 2885 Menandrum
1063 2827 1252 2901 tragicosque
1280 2847 1316 2886 ex

145 2924 281 2998 Graecia,
305 2943 340 2983 ex
363 2922 480 2983 Latinis
502 2924 665 2983 Andronici
684 2923 851 3000 Odysseam
874 2927 905 2982 et
923 2923 1097 2981 Terentium
1121 2920 1315 3001 similesque),

146 3025 171 3084 si
195 3024 234 3083 ad
258 3023 367 3083 altiora
389 3021 548 3081 tenderent
575 3026 607 3082 et
629 3022 812 3082 accuratiore
836 3021 1005 3097 cognitione
1027 3020 1196 3078 lit-terarum
1220 3020 1316 3080 imbui

145 3123 296 3199 cuperent,
306 3120 513 3181 adulescentes
527 3120 753 3196 frequentarent
767 3119 909 3179 lectiones
924 3119 1078 3177 doctorum
1093 3118 1214 3175 illorum
1226 3116 1315 3178 Grae-

145 3237 261 3293 corum,
288 3237 414 3294 quorum
442 3219 577 3294 exemplo
605 3237 673 3277 mox
701 3218 793 3277 etiam
820 3218 1004 3293 professores
1029 3210 1070 3295 (si
1097 3216 1140 3274 ita
1162 3217 1315 3291 appellare

144 3310 230 3398 licet)
249 3315 351 3375 Latini
368 3315 485 3376 scholas
504 3315 536 3374 in
550 3334 638 3375 usum
651 3317 872 3390 prouectiorum
895 3314 1011 3390 aperire
1026 3319 1196 3390 coeperunt.
1231 3321 1317 3375 eraut

145 3415 177 3474 hi
204 3415 405 3490 grammatici,
438 3420 473 3475 ut
499 3415 530 3473 in
557 3414 792 3490 interpretandis
824 3413 951 3472 maxime
982 3413 1182 3471 uersabantur
1208 3415 1316 3489 poetis,

146 3511 226 3571 haud
249 3532 318 3573 raro
342 3517 373 3573 et
399 3513 458 3590 ipsi
485 3515 605 3590 poetae,
629 3512 836 3571 coniunctione
863 3512 932 3571 inde
960 3531 979 3570 a
1001 3511 1107 3587 priscis
1130 3513 1315 3587 temporibus

145 3610 269 3670 sancita
305 3609 376 3668 talis
399 3611 478 3669 iuter
501 3608 631 3670 Graecos
653 3614 720 3669 erat
742 3610 937 3680 Parthenius,
961 3609 1012 3686 qui
1031 3612 1110 3669 teste
1134 3609 1226 3668 Suida
1249 3630 1271 3670 s.
1287 3632 1314 3669 u.

144 3724 222 3766 anne
245 3725 271 3766 a
291 3705 361 3765 chr.
382 3708 422 3766 73
444 3707 476 3765 in
495 3705 566 3766 belli
585 3706 781 3767 Mithridatici
800 3708 912 3783 praeda
930 3708 1171 3768 adulescentulus
1190 3709 1316 3768 Romam

145 3803 230 3865 uenit
251 3804 284 3863 in
306 3803 426 3864 domum
450 3802 561 3863 Cinnae
585 3795 702 3884 (Heluii
720 3802 832 3864 Cinnae
856 3808 971 3880 poetae,
991 3810 1027 3864 ut
1044 3806 1173 3881 uidetur,
1193 3803 1316 3882 patris);

144 3901 224 3962 inter
246 3900 370 3961 Latinos
392 3921 465 3962 uere
485 3901 624 3961 Valerius
647 3899 731 3977 Cato,
754 3902 785 3959 in
805 3901 904 3961 Gallia
927 3896 1096 3984 (cisalpina,
1119 3910 1154 3963 ut
1177 3908 1316 3963 statuunt

145 3995 341 4076 credibiliter)
364 4000 443 4060 eirca
464 4018 490 4060 a.
507 4002 548 4059 90
567 4004 664 4072 natus,
689 3999 727 4060 de
750 4019 807 4077 quo
827 3999 996 4074 Suetonius,
1020 4004 1070 4077 qui
1095 4002 1131 4061 de
1150 4020 1276 4077 gramm.
1294 4005 1314 4061 4

140 4102 258 4173 meum
288 4099 376 4158 amal
409 4101 687 4173 grammaticamqroe
716 4101 897 4158 notissimum
931 4104 1031 4174 uocat,
1063 4100 1134 4160 ibid.
1170 4104 1206 4157 11
1243 4101 1316 4159 haec

147 4195 264 4257 scribit:
291 4196 387 4257 moue
407 4196 512 4255 maltos
533 4200 560 4255 et
580 4196 701 4263 nobiles,
728 4199 865 4269 elisosque
888 4203 929 4257 cet
950 4198 1126 4270 peridoneus
1143 4205 1316 4272 praeceptor

145 4296 272 4355 macene
290 4294 330 4355 ad
341 4296 486 4369 poeticam
502 4295 687 4361 tendentibus,
705 4300 738 4353 ut
755 4296 869 4368 quidem
887 4313 1030 4369 apparere
1050 4297 1095 4355 acl
1113 4314 1147 4355 ccc
1165 4297 1210 4356 liis
1225 4301 1316 4357 uersi-

147 4393 344 4469 desporet.-
