2940 4912
578 339 662 396 val
683 346 797 399 so-su.
1207 337 1273 412 465

99 502 142 557 dit
175 502 247 557 illud
281 501 450 557 Ptolemaeis
478 503 650 574 prouinciam
681 503 868 573 Cyrenaicum.
915 507 990 559 reete
1018 509 1111 560 aulem
1139 505 1272 561 aduersus

98 592 204 662 Hygini
223 593 322 646 falsam
343 591 604 662 interpretationem
625 591 670 661 (cf.
690 594 794 649 testim.
814 593 869 648 uol.
890 594 913 663 l)
928 593 1098 648 Niebuhrius
1116 611 1159 664 op.
1174 594 1271 650 lustin.

98 681 190 736 XXVI
205 688 230 750 3,
245 686 261 733 2
276 698 325 735 rea
343 679 513 750 Cyrenarum
529 682 565 734 M
566 697 634 750 apos
647 681 759 746 decedit,
772 682 821 751 qui
837 688 902 736 ante
914 683 1101 750 infirmitatem
1111 684 1272 751 Berenicen,

100 774 210 825 unicam
233 771 335 838 tiliam,
362 770 400 824 ad
426 771 549 836 finienda
576 787 637 824 cum
664 769 814 825 Ptolemaeo
841 773 929 838 fratre
956 773 1106 827 momina
1133 773 1191 840 filio
1213 775 1272 827 eius

99 861 286 928 desponderat.
314 861 361 914 sed
372 867 435 928 post
448 865 558 913 morters
572 861 644 928 repis
657 865 743 913 errator
756 862 878 929 uirpinis
888 860 1006 915 Arsinoe
1020 861 1129 927 (immor
1144 861 1271 932 Apama),

99 955 130 1002 ut
140 950 234 1003 inuita
242 965 269 1003 se
279 954 447 1003 contractum
457 949 661 1003 matrimonium
670 950 829 1015 solueretur,
839 951 913 1003 misit
922 951 970 1018 qui
980 950 1017 1004 ad
1026 950 1142 1018 nuptias
1151 952 1272 1022 uirpinis

99 1054 263 1106 repnumgue
283 1036 451 1107 &promarum
470 1037 653 1103 Demstm'um,
675 1039 789 1105 fratrem
808 1040 879 1107 repis
897 1039 1046 1107 Ammoni,
1066 1057 1084 1093 a
1104 1039 1272 1094 Macedonia

99 1132 270 1192 arcesserent,
289 1127 337 1195 gui
355 1128 455 1194 etipse
473 1145 506 1180 es
525 1128 585 1193 filiu
607 1126 757 1180 Ptolemaei
771 1132 933 1194 procreatus
950 1132 1017 1181 erat.
1053 1145 1103 1182 uec
1119 1128 1192 1198 l‘sed
1206 1128 1270 1183 nec'

100 1214 191 1279 codd.)
218 1214 374 1267 Demetrius
397 1231 501 1268 moram
527 1216 599 1280 iecit.
645 1215 737 1283 itaque
765 1231 826 1268 cum
853 1216 1018 1270 secundante
1044 1221 1125 1270 uento
1152 1217 1272 1272 celeder

101 1304 223 1374 Cyrenas
246 1305 414 1372 aduolassct,
437 1305 541 1371 fiducia
561 1305 765 1373 pulcritudinis
786 1305 860 1376 [qua
882 1305 966 1358 nimis
979 1305 1089 1373 plaeere
1106 1307 1198 1360 socrui
1215 1322 1271 1360 coe·

98 1393 197 1462 perat]
214 1396 307 1447 statim
331 1412 349 1446 a
371 1395 511 1462 principio
534 1393 667 1462 superbus
689 1395 784 1463 repiae-
801 1394 927 1459 familiae
944 1393 1128 1462 militibusque
1146 1395 1273 1463 inpotem

100 1488 159 1535 erat
171 1483 345 1551 studiumque
354 1483 485 1550 placuudi
500 1500 517 1535 a
531 1483 641 1552 uirpine
656 1483 686 1535 in
700 1487 813 1536 matrem
822 1483 982 1537 contulerat.
1010 1499 1135 1551 quaeres
1147 1489 1273 1552 suspecta

97 1570 190 1638 primo
212 1570 334 1639 uirpini‚
358 1570 422 1624 dein
441 1570 626 1638 popularibus
648 1569 833 1638 ruilitibusgue
855 1570 949 1623 inuma
973 1570 1037 1636 suit.
1074 1572 1166 1641 itaque
1189 1574 1275 1627 uersis

100 1659 223 1712 omnium
241 1659 343 1712 animis
361 1659 393 1711 in
411 1658 559 1713 Ptolemaei
584 1659 671 1725 filium
692 1658 811 1713 insidiae
829 1657 968 1712 Demetrio
986 1666 1184 1728 conparantur.
1221 1662 1276 1727 cui,

100 1764 160 1800 cum
182 1748 215 1800 in
238 1747 334 1801 lectum
356 1763 450 1801 socrus
472 1749 654 1814 euisceratam,
674 1762 846 1815 percussores
868 1747 1055 1803 inmittuutur.
1092 1749 1138 1803 sed
1157 1749 1275 1804 Arsinoe

100 1837 230 1906 (Apama)
250 1837 348 1890 audita
367 1852 431 1890 uoce
448 1838 523 1903 filiae
542 1837 579 1890 ud
596 1836 668 1903 fores
686 1836 785 1890 mantis
801 1839 826 1888 ct
835 1837 1042 1905 praecipientis,
1060 1842 1091 1890 ut
1110 1842 1195 1890 matre
1204 1854 1273 1905 par·

101 1929 212 1991 emetur,
232 1925 387 1979 adulterum
403 1926 547 1994 paulisper
566 1941 676 1993 corpore
694 1940 744 1978 suo
755 1925 884 1993 protemt.
921 1941 974 1993 qua
987 1924 1128 1991 interiecto
1142 1925 1275 1979 Berenice

101 2017 125 2067 et
143 2018 244 2082 stupra
257 2015 354 2068 matris
367 2014 449 2069 salua
461 2016 562 2082 pietate
575 2015 635 2067 ulta
649 2019 687 2067 est
701 2019 726 2067 et
745 2015 776 2067 in
794 2015 969 2069 matrimonio
988 2016 1126 2069 sortiendo
1140 2016 1274 2069 iudicium

98 2103 190 2170 patris
204 2107 304 2157 secuta.
334 2103 362 2155 in
377 2101 471 2156 uerbis
485 2100 589 2156 Catulli
604 2101 687 2155 ualde
701 2099 822 2168 foedatis
837 2118 888 2170 pro
903 2101 1045 2171 ‘adeptos’
1061 2103 1121 2158 siue
1132 2103 1271 2174 ‘adeptus’

98 2190 184 2260 uulgo
200 2190 316 2259 ‘adepta
330 2191 370 2245 es’
387 2190 524 2261 (adeptu’s
536 2190 660 2258 Lachm.)
676 2190 807 2244 scribunt.
833 2207 904 2260 quae
919 2208 973 2245 uox
987 2191 1139 2262 inportuna
1152 2192 1273 2259 uidetur,

99 2297 162 2335 cum
182 2278 315 2334 Berenice
337 2294 394 2332 nou
418 2277 595 2346 adsequendo
619 2277 750 2348 coniugio
769 2277 914 2348 Euergetis
938 2294 1051 2348 operam
1075 2277 1200 2346 uenerit,
1225 2279 1274 2333 sed

100 2370 166 2422 dats
185 2369 300 2437 optione
319 2366 444 2436 elegerit.
482 2365 654 2438 probabilius
673 2365 746 2421 duco
766 2367 920 2436 ‘adoptas’‚
939 2368 966 2421 h.
987 2385 1010 2423 e.
1025 2367 1148 2422 adsumis
1162 2385 1180 2422 a
1194 2371 1273 2438 patre

99 2457 151 2512 tibi
177 2457 356 2511 destinatum.
396 2455 509 2524 iamque
533 2473 587 2509 nou
611 2472 681 2525 opus
704 2455 771 2523 erit,
794 2459 827 2509 ut
851 2456 958 2524 ‘quam'
984 2456 1058 2512 sient
1079 2457 1166 2527 uulgo
1190 2458 1223 2511 lit
1244 2457 1274 2512 in

100 2547 187 2614 ‘quo'
219 2547 358 2599 mutemus
387 2547 462 2613 (nam
492 2546 603 2614 ingrata
631 2547 674 2598 est
701 2543 875 2613 pronominis
900 2544 1012 2600 relatiui
1039 2548 1137 2615 utpote
1164 2545 1273 2600 diuersa

98 2635 220 2689 adhibiti
239 2650 291 2688 nee
310 2650 360 2703 per
376 2632 549 2701 anaphoram
565 2633 680 2701 repetiti
694 2631 828 2701 iteratio),
848 2632 896 2687 sed
916 2631 1021 2687 sufficit
1034 2633 1124 2688 lenior
1138 2634 1273 2690 correctio

100 2723 207 2793 ‘quom’
229 2723 362 2793 (Faernus
383 2722 491 2789 ‘quum’
512 2722 665 2790 uoluerat):
691 2721 811 2789 lacinus,
835 2721 893 2776 scil.
914 2722 1094 2777 commissum
1111 2725 1185 2789 tum,
1209 2740 1271 2776 cum

98 2813 267 2882 adoptaham
293 2813 328 2864 de
352 2811 492 2879 praesenti
511 2811 646 2873 historico
667 2811 702 2863 cl.
727 2826 768 2867 ex.
791 2827 833 2879 gr.
858 2809 913 2864 cie.
938 2830 965 2881 p.
989 2812 1069 2866 Rosa.
1096 2813 1127 2865 A.
1152 2818 1196 2877 41,
1222 2817 1272 2865 120

97 2919 176 2970 quom
195 2901 330 2955 occiditur
349 2900 381 2952 L.
401 2899 527 2965 Roscius,
545 2900 644 2954 itidem
658 2900 771 2965 fuerunt
786 2899 891 2968 (serui),
911 2902 940 2953 et
954 2900 988 2953 de
1002 2900 1063 2970 ipso
1080 2900 1188 2968 ‘quom'
1205 2900 1270 2953 Tac.

98 2987 163 3043 dial.
187 2995 220 3043 14
244 2990 317 3057 Apri
342 3005 441 3056 smnio,
470 3005 530 3042 cum
560 2988 719 3042 Maternum
747 2989 904 3042 exhortatus
930 2995 968 3042 est
987 2989 1035 3058 (ib.
1062 2990 1114 3056 15).
1153 2987 1272 3056 denique

99 3095 131 3131 ex
151 3078 214 3132 ‘aut
236 3077 283 3131 sit'
304 3077 444 3131 BPisanas
469 3094 533 3131 nere
556 3075 650 3131 effecit
669 3075 780 3142 ‘ansit';
808 3073 872 3130 Itali
894 3077 1041 3146 praeterea
1065 3078 1143 3146 ‘quo'
1164 3081 1194 3132 et
1211 3075 1272 3130 Mu·

98 3169 173 3221 retus
189 3166 311 3219 ‘lortius’
329 3164 480 3222 coniecere.
509 3165 559 3220 alii
573 3164 769 3220 audacioribus
783 3165 986 3221 mutationibus
1001 3170 1068 3220 sunt
1081 3167 1137 3234 usi,
1156 3168 1189 3219 ut
1203 3166 1271 3221 San·

98 3257 190 3310 tenius
211 3255 288 3324 ‘quoi
307 3253 459 3324 (coniugio)
477 3271 533 3308 non
547 3254 664 3308 laustior
678 3254 753 3309 adsit
761 3257 794 3324 (l)
815 3254 898 3309 uuis’.
927 3255 997 3308 mihi
1010 3258 1168 3323 utrumque,
1183 3271 1272 3324 neque

98 3344 243 3398 fortiorem
257 3342 343 3398 alium
358 3358 442 3411 quam
455 3341 604 3397 Berenicen
614 3360 705 3410 neque
719 3341 802 3396 huius
813 3343 888 3397 lucto
898 3342 976 3396 aliud
991 3343 1090 3397 lortius
1105 3360 1185 3412 posse
1202 3360 1270 3410 esse,

97 3450 209 3487 omnem
233 3430 365 3485 adulandi
389 3432 501 3484 modum
521 3447 683 3486 concessum
708 3431 871 3500 supergredi
895 3430 1021 3497 uidetur;
1048 3434 1076 3486 et
1096 3430 1216 3485 ‘tortior‘
1238 3449 1271 3484 ex

98 3522 193 3589 glossa
212 3519 374 3590 prouenisse
393 3523 471 3574 ratus
492 3520 597 3574 conieci
617 3519 704 3588 ‘quod
723 3538 776 3575 non
797 3518 872 3573 ausit
890 3520 943 3573 alis
963 3518 1083 3573 mulier’.
1122 3519 1214 3584 ‘alis',
1235 3518 1270 3574 ef.

98 3608 188 3662 xxix
205 3614 246 3662 15.
262 3639 294 3648 -
309 3609 358 3664 29.
378 3608 430 3662 sed
445 3608 508 3662 tum
524 3610 638 3662 maesta
652 3607 752 3662 ulrum
767 3606 891 3661 mltteus
910 3620 987 3675 qnae
1002 3606 1097 3660 uerba
1111 3606 1213 3661 locutu
1227 3620 1270 3661 es.

99 3714 267 3766 quamquam
278 3696 389 3751 suffecit
404 3696 529 3751 ‘mittens
544 3703 588 3764 (==
599 3695 742 3750 dimittens
755 3694 976 3765 proficiscentem
991 3695 1026 3748 ad
1041 3693 1147 3749 bellum
1163 3711 1196 3749 ex
1211 3711 1269 3749 am·

100 3785 183 3855 plexu
197 3789 259 3851 tno;
279 3785 340 3838 Tib.
357 3783 367 3836 1
383 3790 408 3851 3,
423 3790 439 3838 9
454 3801 523 3853 quae
535 3802 576 3838 mc
591 3801 650 3838 cum
664 3785 778 3837 mitteret
791 3783 876 3851 urbe),
897 3786 990 3837 tamen
1007 3781 1088 3835 ‘tum’
1105 3782 1140 3834 ad
1155 3782 1270 3837 efferen-

99 3876 165 3928 dum
180 3872 384 3942 oppositionem
401 3872 528 3926 additum
546 3875 597 3926 est.
627 3872 721 3940 ‘quse'
741 3870 843 3939 qualia,
863 3886 945 3939 quam
960 3874 989 3924 et
1003 3869 1107 3924 doloris
1121 3874 1150 3924 et
1167 3872 1270 3927 amoris

99 3961 255 4031 coniugalis
274 3960 365 4029 plena.
386 3991 418 4000 -
438 3959 486 4015 30.
506 3960 656 4029 lupplter.
692 3976 755 4012 cum
775 3957 972 4024 admiratione,
992 3962 1024 4012 ut
1041 3958 1077 4012 sd
1091 3957 1171 4013 Corn.
1192 3965 1216 4014 7.
1237 3991 1270 4000 -

99 4049 201 4122 mall,
226 4047 343 4115 trima,
367 4048 402 4102 ad
427 4047 491 4101 XIV
517 4055 562 4114 143
587 4048 622 4104 ef.
642 4049 704 4102 Ter.
729 4047 798 4100 Eun.
823 4047 834 4099 l
860 4053 887 4113 1,
911 4052 945 4099 23
972 4047 1063 4100 oculos
1089 4049 1205 4101 tmeuda
1236 4079 1269 4089 -

98 4139 151 4210 m,
175 4139 224 4193 82.
247 4138 315 4206 quis
342 4139 372 4192 te
392 4137 521 4191 mutauit
540 4139 643 4192 tantus
662 4134 753 4191 deuel
791 4150 827 4189 an
848 4134 927 4203 quod
947 4137 1080 4189 amantes
1100 4149 1159 4189 non
1179 4135 1269 4204 longe

98 4242 117 4281 s
134 4240 206 4282 euro
225 4240 354 4296 eorpore
373 4226 477 4280 abesse
496 4226 615 4280 uolunt.
652 4224 715 4293 quis
734 4225 801 4278 deus
820 4226 859 4291 (et
873 4222 970 4291 ntique
984 4239 1101 4292 magnus
1114 4229 1269 4293 potensque

98 4315 184 4370 luerit
201 4320 350 4381 necessest,
369 4315 417 4382 qni
437 4320 464 4368 te
483 4315 570 4368 talem
591 4312 752 4379 mutauerit)
770 4311 876 4377 effecit,
896 4315 927 4364 ut
945 4311 979 4363 de
999 4311 1107 4380 uirgine
1126 4315 1184 4366 tam
1202 4311 1270 4369 forti

98 4406 178 4460 lieres
204 4403 309 4459 femina
334 4407 392 4457 tam
416 4403 497 4457 anxie
521 4402 661 4456 sollicita?
703 4418 787 4470 saepe
811 4401 851 4455 sic
875 4401 993 4454 ‘tantus’
1018 4418 1080 4455 cum
1106 4403 1270 4470 pronomine

151 4505 329 4545 crustumio.
346 4505 466 4542 Bsslrrens.
496 4502 523 4540 ll.
1022 4498 1056 4543 30
