2940 4912
603 293 703 386 niun
723 337 837 386 es-re.
1238 333 1304 396 489

132 493 316 564 ‘suppositus’
338 511 393 549 non
412 496 456 548 est
475 493 651 548 ‘subiectus’.
679 492 775 561 itaque
795 493 910 548 uerbum
924 493 971 562 (de
985 491 1064 547 cuius
1078 492 1155 547 exitu
1169 494 1229 549 solo
1243 511 1304 548 esse

129 585 226 654 potest
244 582 396 653 dubitatio)
415 583 451 637 ad
470 599 532 638 eam
556 582 803 652 significationem,
823 600 880 651 qua
904 582 978 637 ‘loco
1001 581 1119 637 alicuius
1138 581 1179 636 rei
1197 581 1304 651 aliquid

128 673 244 743 ponere’
262 671 406 742 designat,
426 672 620 742 explicandum
636 674 714 741 puto.
744 672 865 726 ‘chinea’
882 673 976 725 autem
991 669 1153 725 felicissime
1168 670 1304 726 Zanchins

131 761 216 817 modo
236 762 366 817 laudatus
390 765 420 816 et
438 761 559 816 correxit
581 761 610 815 in
630 759 762 830 ‘cycnea’
789 763 819 815 et
841 759 1006 830 explicauit:
1032 758 1153 829 Cycnus,
1177 758 1304 814 Stheneli

129 849 217 917 filius,
236 866 282 905 rex
303 854 332 904 et
355 851 436 904 heros
460 857 521 905 erat
544 850 676 919 Ligurum
698 850 926 919 (Paus.130‚3,
947 851 1028 920 Verg.
1044 850 1112 905 Aen.
1129 850 1153 903 X
1169 855 1220 905 189
1235 867 1304 919 sqq„

131 937 212 994 Ouid.
241 944 306 993 mel.
336 938 361 991 11
388 945 439 994 367
462 942 548 1009 sqq.)‚
581 939 630 1009 qni
663 939 729 994 olim
760 939 963 1009 antiquissimis
991 939 1163 1010 temporibus
1192 938 1221 993 in
1250 938 1303 992 hoc

129 1045 240 1098 quoqne
268 1029 362 1083 tractu
388 1028 546 1083 consedisse
574 1046 630 1084 non
657 1028 833 1098 inprobabile
862 1032 913 1083 est.
950 1029 979 1083 in
1004 1031 1056 1083 bac
1080 1027 1166 1098 igitur
1190 1028 1304 1084 Zancbii

130 1118 326 1173 emendatione
346 1117 469 1187 ‘Cycnen
488 1118 635 1188 supposita
652 1117 681 1172 in
700 1117 825 1188 specule’
847 1135 880 1172 ex
895 1121 991 1173 nostra
1008 1117 1238 1187 interpretatione
1257 1116 1303 1171 bic

130 1207 206 1261 inest
224 1222 331 1261 sensus:
357 1224 429 1275 quae
449 1207 502 1277 ibi,
522 1207 570 1261 ubi
590 1206 658 1261 olim
677 1211 737 1262 erat
752 1208 885 1277 Ligurum
902 1206 1029 1277 specula,
1048 1207 1110 1261 loco
1129 1207 1188 1263 eius
1206 1207 1305 1276 postes

129 1296 202 1366 (sine
220 1313 238 1349 a
257 1293 367 1364 nibeis,
387 1296 421 1350 cf.
441 1295 501 1350 Liu.
522 1295 546 1337 V
566 1300 614 1362 85,
633 1295 692 1351 siue
710 1314 728 1350 a
746 1295 927 1364 Cenomanis,
946 1294 980 1349 cf.
1000 1294 1061 1349 Liu.
1076 1293 1180 1348 XXXII
1195 1297 1240 1365 30)
1260 1296 1305 1348 est

128 1386 231 1457 posita„
259 1403 314 1454 qno
333 1386 392 1440 iure
411 1385 453 1439 ite
471 1384 603 1440 statuerit
615 1384 789 1453 antiquarius
804 1401 887 1453 quem
902 1384 1036 1439 sumimus
1050 1383 1208 1453 Brixianns,
1222 1384 1303 1439 nobis

130 1474 261 1530 nimirum
279 1473 434 1530 diiudicare
453 1473 510 1527 iarn
527 1489 584 1528 non
603 1472 683 1538 licet3
702 1473 751 1527 sed
769 1471 931 1529 inrisionem
951 1474 1057 1544 grande
1075 1473 1146 1528 illud
1166 1473 1299 1542 ‘cycnea'

130 1563 243 1634 egregie
262 1581 328 1633 prae
348 1579 378 1616 ae
395 1562 458 1617 fert.
474 1593 508 1603 -
522 1562 570 1617 88.
589 1562 687 1618 nunus
702 1575 791 1630 quarn
805 1562 892 1617 molli
906 1563 1062 1632 percurrit
1076 1562 1199 1618 numine
1213 1563 1303 1619 Melo.

130 1651 215 1722 Verg.
235 1651 267 1707 G.
287 1650 326 1704 IV
345 1656 397 1706 278
411 1667 499 1721 prope
516 1651 634 1719 flumina
652 1650 772 1717 Mellae,
791 1649 839 1704 ubi
857 1648 1039 1720 Philargyrus
1058 1650 1145 1706 Matio
1163 1652 1253 1705 amab
1271 1653 1303 1706 irs

133 1740 229 1796 Gallio
245 1741 390 1810 Ombrion
409 1741 520 1795 aimerus
534 1740 653 1794 Brixiae
666 1740 756 1794 oritur
775 1756 808 1794 cn
821 1745 910 1794 monte
924 1741 1045 1794 Brenno.
1074 1739 1124 1794 sed
1138 1741 1205 1808 quin
1218 1740 1302 1796 bodie

130 1830 217 1885 Mella
239 1829 270 1884 in
292 1847 360 1899 egro
379 1827 525 1896 Brixiano,
547 1845 603 1883 non
628 1844 679 1898 per
702 1827 793 1898 ipsum
814 1828 953 1897 oppidum
976 1827 1051 1895 nuit,
1075 1829 1138 1883 ideo
1157 1829 1302 1885 Cluuerius

130 1919 205 1989 [ltel.
229 1918 316 1988 antiq.
341 1937 368 1988 p.
387 1919 452 1989 412]
477 1917 577 1972 maluit
598 1917 794 1987 ‘praecurrit’‚
821 1917 847 1973 h.
868 1934 891 1971 e.
915 1917 1097 1987 praeterfluit.
1139 1917 1234 1972 omnia
1256 1919 1303 1974 bic

128 2008 237 2063 incerta
256 2009 333 2074 sunt,
353 2026 415 2060 cum
433 2007 549 2061 flumina
563 2023 674 2060 cursum
688 2006 830 2061 interdum
845 2008 955 2061 mutent
970 2007 1014 2062 uel
1031 2009 1137 2062 mutere
1152 2011 1302 2077 cogentum

129 2116 181 2153 nec
202 2097 311 2152 ‘Mella'
331 2096 377 2150 bic
396 2097 440 2150 est
457 2095 605 2162 traditum,
624 2095 672 2149 sed
688 2095 787 2150 ‘Melo'
804 2093 841 2164 (G
857 2095 988 2162 ‘Menon
1017 2098 1046 2150 et
1059 2097 1112 2151 hoc
1128 2113 1194 2152 sane
1209 2100 1303 2167 potest

129 2187 246 2255 antiquo
269 2189 394 2255 tempore
418 2185 519 2255 fuisse,
543 2189 576 2239 nt
598 2184 726 2240 nonnulli
749 2185 925 2252 statuebant,
949 2202 1051 2240 nomen
1074 2185 1151 2240 fluuii
1169 2187 1250 2256 parui
1269 2204 1302 2241 ex

128 2275 216 2331 Mella
233 2274 354 2330 derinati
373 2274 512 2343 hodieque
528 2273 641 2329 ‘Geras'
658 2273 765 2342 uocati,
784 2275 820 2330 ad
840 2292 922 2342 quem
942 2292 1015 2328 nunc
1032 2273 1125 2329 Brixia
1139 2277 1183 2329 est
1201 2276 1302 2345 positu.

128 2363 265 2435 quidquid
287 2364 315 2417 id
335 2367 390 2433 est,
414 2363 554 2418 mordicus
577 2361 685 2418 retineo
706 2361 814 2429 ‘Melo’,
837 2361 942 2432 qnippe
967 2361 1047 2417 cuins
1066 2364 1236 2419 mentionem
1257 2365 1302 2419 bic

128 2457 279 2524 propterea
296 2453 355 2506 fieri
374 2456 485 2521 putem,
510 2452 585 2521 qnod
605 2452 680 2506 bunc
699 2468 901 2520 quemcumque
925 2451 1040 2506 fluuium
1060 2452 1234 2521 antiquarius
1253 2453 1302 2508 ille

128 2542 276 2597 Brixianus
300 2541 336 2595 sd
355 2541 493 2596 Melonem
518 2542 578 2596 siue
597 2540 694 2595 Nilum
713 2542 918 2611 Aegyptiacnm
942 2541 1047 2596 dictum
1068 2558 1128 2596 esse
1147 2542 1303 2599 iactsnerat

128 2633 169 2702 (st
187 2631 253 2685 hine
272 2646 352 2698 sane,
373 2630 471 2685 ‘Melo’
492 2629 532 2684 nil
552 2647 611 2685 esse
630 2629 684 2685 nisi
704 2630 846 2700 ‘ble(l)la’,
865 2630 1052 2700 etymologiae
1072 2631 1164 2700 gratia
1182 2649 1199 2686 a
1218 2631 1301 2688 docto

127 2721 178 2775 illo
197 2720 395 2790 deprauatnm,
414 2736 524 2789 sumere
542 2718 627 2787 licet).
664 2718 730 2774 hinc
749 2721 844 2774 autem
863 2720 943 2788 lepor
961 2719 1047 2773 mirus
1066 2720 1177 2774 accedit
1195 2721 1301 2776 uersui:

129 2809 230 2864 ‘danus
245 2808 329 2862 Melo'
346 2813 390 2862 est
407 2825 491 2877 quam
506 2808 592 2877 uulgo
607 2812 711 2862 nocent
725 2808 909 2864 contradictio
924 2808 952 2862 in
966 2808 1077 2863 adiecto
1093 2808 1139 2877 (ad
1155 2807 1193 2862 XI
1208 2816 1223 2863 ‘1
1238 2814 1301 2879 sq.);

128 2897 253 2967 sumque
271 2896 346 2952 uno
366 2896 522 2953 ‘monibus’
543 2897 603 2951 erue
626 2880 729 2953 leber
752 2897 902 2953 fluetibus
926 2896 1008 2951 unes
1027 2898 1108 2967 (ren.
1129 2897 1166 2950 rx
1186 2903 1238 2953 ere
1257 2901 1303 2955 su

127 3005 178 3044 erro
200 3005 260 3043 cam
283 2988 390 3058 purpite
413 2989 488 3056 flauo
511 2988 615 3055 occepit
637 2988 788 3042 aenaeum
811 3005 845 3042 oc
867 2987 994 3042 mollibus
1016 2988 1114 3042 extulit
1139 2989 1235 3058 audie)
1259 2992 1304 3044 sat

129 3076 271 3146 discrepat
298 3074 334 3129 ab
362 3074 516 3145 exemplari
542 3075 725 3146 Aegyptiace.
760 3107 790 3115 -
825 3075 874 3132 84.
908 3076 1015 3132 Brlnls
1042 3077 1177 3133 Veronae
1205 3079 1303 3134 muter

128 3167 229 3221 emata
247 3180 341 3221 meuc.
378 3163 502 3219 Brixiam
526 3181 585 3220 esse
606 3166 732 3220 Veronee
756 3169 887 3235 matrem,
911 3167 937 3220 b.
958 3183 981 3221 e.
1006 3184 1021 3221 e
1043 3183 1146 3236 graeco
1169 3167 1302 3237 loquendi

129 3273 180 3311 nau
199 3250 370 3324 μητρόπολιν
385 3254 430 3323 (cl.
446 3254 515 3308 Aen.
531 3253 554 3307 X
572 3261 621 3309 172
637 3256 795 3324 Populonio
809 3263 902 3323 mater,
921 3255 1019 3311 Florus
1034 3257 1045 3309 Ι
1060 3263 1093 3311 41
1109 3263 1143 3325 et,
1157 3263 1188 3312 at
1204 3258 1304 3313 Graeci

128 3345 216 3399 dicere
241 3345 341 3412 solent,
368 3345 478 3398 urbiam
506 3349 618 3399 matrem
641 3345 807 3415 Cydoneam)
829 3363 965 3413 nusquam
990 3345 1140 3400 memorien
1168 3348 1212 3400 est
1239 3363 1301 3416 pro·

129 3431 219 3486 ditum
243 3431 288 3499 (cl.
309 3431 368 3486 Liu.
388 3432 413 3485 V
432 3439 480 3499 35,
505 3433 575 3488 Plin.
600 3435 626 3487 h.
647 3451 672 3487 n.
698 3434 737 3486 111
763 3439 831 3498 130).
870 3433 981 3487 uidetur
1003 3432 1072 3488 haec
1097 3451 1207 3503 quoqne
1231 3435 1302 3489 enti-

129 3521 220 3588 qnsrii
235 3519 312 3575 illins
327 3520 412 3576 fuisso
431 3522 592 3576 coniectura
606 3522 634 3575 in
649 3523 758 3590 petrice
772 3521 892 3591 glorium
908 3523 1031 3591 prolate,
1048 3538 1120 3590 quae
1140 3523 1198 3577 sine
1218 3524 1302 3579 dubie

130 3609 337 3665 Veronensibus
353 3610 474 3665 Brixiam
490 3612 579 3665 multo
594 3610 729 3665 minorem
746 3610 859 3678 (Strabo
874 3609 898 3662 V
913 3612 977 3678 213)
992 3611 1212 3679 despicientibus
1227 3613 1302 3665 haud

130 3698 309 3754 mediocriter
332 3699 417 3754 bilem
443 3699 501 3755 siue
526 3701 619 3770 potins
644 3700 727 3754 risum
752 3699 848 3753 mouit.
886 3703 915 3753 et
938 3717 1001 3752 cum
1024 3699 1156 3753 inrisione
1181 3701 1302 3770 positum

129 3789 173 3842 est
195 3787 268 3843 illud
289 3789 418 3856 ‘amata’‚
442 3789 501 3843 scil.
525 3793 557 3844 ut
580 3789 662 3843 decet
680 3787 765 3842 lilium
785 3804 879 3862 ansere
903 3791 1021 3841 matrem
1041 3788 1191 3855 (‘Vcronsc
1210 3792 1300 3844 meae’

129 3877 289 3946 genetiuum
312 3880 391 3947 puta,
418 3896 474 3933 non
503 3896 566 3933 cum
591 3878 738 3933 AGuerino
762 3877 902 3945 dationum
931 3894 996 3931 num
1017 3877 1134 3931 ‘amatu’
1160 3881 1228 3933 noto
1251 3898 1302 3933 usu

131 3983 180 4035 pro
215 3967 305 4034 ‘cara‚
339 3968 475 4036 dilecta').
523 3969 611 4022 ‘tuse'
642 3969 766 4037 Scaliger
798 3968 889 4023 noluit
916 3967 1164 4037 comprobantibus
1193 3969 1302 4036 multis3

130 4072 181 4110 nec
200 4060 297 4110 temen
317 4061 359 4110 est
374 4057 558 4124 matescense,
577 4075 626 4111 cur
640 4075 695 4111 non
710 4059 821 4111 ianuam
837 4075 947 4126 quoqne
966 4058 1040 4111 iustu
1055 4057 1158 4111 elatem
1173 4058 1304 4126 superbio

131 4143 166 4198 de
186 4161 251 4199 cars
270 4163 322 4199 ena
341 4146 452 4200 Verona
470 4146 548 4216 loqui
567 4164 648 4216 prosse
668 4149 806 4216 putemus.
827 4178 859 4187 -
879 4145 928 4218 85,
947 4146 995 4201 ue.
1019 4142 1128 4200 sedile
1147 4147 1302 4203 Postumio

132 4233 162 4288 et
181 4232 303 4289 Cornell
323 4237 430 4290 nsrrnt
448 4250 564 4308 amore,
589 4251 656 4290 cnm
675 4236 785 4304 qulbus
810 4236 866 4291 llln
885 4236 995 4290 melsun
1015 4235 1090 4290 lecit
1108 4235 1302 4291 adulturlum.

131 4320 167 4376 de
190 4321 235 4376 bis
258 4324 418 4379 bominibus
443 4325 501 4378 sine
525 4323 610 4379 dubio
634 4322 824 4379 Brixiensibus
852 4325 892 4378 nil
920 4325 1021 4380 scimus
1044 4330 1120 4392 (nem
1145 4325 1190 4379 CII
1215 4332 1231 4379 4
1255 4327 1303 4395 qui

131 4416 367 4468 commemoratur
385 4413 530 4469 Cornelius
549 4413 675 4467 diuersus
693 4415 756 4482 est).
793 4431 856 4468 cnm
875 4432 931 4470 non
949 4417 1044 4485 posset
1062 4416 1103 4470 its
1122 4419 1154 4468 ut
1172 4432 1237 4469 sene
1257 4434 1300 4470 er·
