2940 4912
630 325 733 380 XXXV
754 331 831 380 1-4.
1255 326 1323 391 203

149 485 305 555 requiratur
324 488 420 543 ‘antea
438 486 696 558 (anfiqnitust’nel
717 487 893 555 ‘hucusque’.
932 489 1062 556 corrupta
1081 504 1135 541 uox
1153 486 1267 541 uidetur
1290 502 1325 540 ex

150 575 308 645 ‘ante'que',
324 576 351 630 h.
361 594 385 631 e.
408 577 585 646 ‘anteusquc’
603 577 662 631 siue
677 575 825 645 diremptis
839 576 942 631 litteris
957 577 1034 631 ‘ante
1049 576 1160 645 usque’,
1175 576 1202 632 h.
1218 593 1243 632 e.
1259 593 1323 631 con-

147 663 223 719 tiuuo
236 664 323 734 (XLV
340 672 382 733 11,
403 664 574 734 ΧΙΝΙΠ2),
597 665 631 721 cf.
651 668 680 719 et
694 663 787 734 Priap.
803 671 846 732 77,
861 671 878 720 8
895 667 944 736 qai
957 667 1041 734 prius
1059 681 1144 735 usqae
1163 705 1186 719 ..
1206 666 1323 720 colebam

148 760 174 809 et
193 760 236 815 12,
256 761 289 809 12
308 761 340 810 ut
357 771 461 823 seraper
479 756 553 810 solet.
584 755 669 810 ‘bona
687 755 763 824 ope’‚
781 750 913 808 beniuolo
932 754 1049 820 auxilio,
1068 755 1101 808 ut
1119 752 1218 808 LXVII
1233 761 1257 809 2.
1286 755 1323 809 ad

148 842 299 912 capitanii
317 858 417 898 uocem
436 838 556 913 Vulpius
575 861 618 913 cp.
638 843 698 897 Liu.
720 843 731 896 l
753 848 793 910 16,
813 848 829 896 3
851 859 946 912 pacem
962 844 1093 912 precihus
1110 849 1273 913 exposcunt,
1292 848 1323 898 ut

148 931 235 985 suess
248 933 443 1001 propitiusque
461 948 542 987 sacru
560 949 662 1002 occuper
676 933 787 1001 sospitet
802 934 846 1000 (τε
862 930 1032 986 incolumem
1046 934 1150 1003 seruet)
1166 934 1323 1004 properium

144 1020 222 1087 (Eun.
240 1023 314 1090 trag.
334 1025 386 1074 248
406 1022 435 1075 et
453 1020 559 1075 Pacuu.
579 1025 632 1075 234
652 1021 706 1088 a).

213 1118 331 1188 Saepius
349 1118 380 1173 in
398 1117 638 1188 comparationem
658 1119 756 1172 uocaui
776 1117 885 1172 Horatii
904 1135 968 1172 cum
988 1119 1031 1175 od.
1046 1120 1059 1173 l
1074 1126 1105 1173 21
1128 1120 1173 1190 (ci.
1189 1124 1218 1175 et
1232 1120 1270 1174 IV
1286 1123 1321 1190 8),

145 1211 201 1261 tum
224 1224 336 1263 carmen
361 1208 512 1262 saeculare.
557 1224 620 1262 cum
648 1225 703 1276 quo
727 1209 853 1261 nostrum
876 1224 978 1277 poema
1004 1208 1033 1263 id
1057 1209 1144 1265 habet
1167 1226 1322 1277 commune,

145 1297 217 1366 quod
234 1299 264 1351 et
286 1297 380 1367 ipsum
403 1299 476 1351 teste
500 1298 554 1352 line
581 1298 768 1367 compositum
794 1298 837 1352 est
855 1296 932 1351 iussu
951 1296 1066 1366 publico
1087 1329 1118 1338 -
1140 1301 1172 1352 ut
1190 1297 1257 1353 olim
1276 1299 1323 1353 Li·

145 1387 204 1440 uius
223 1386 400 1441 Andronicus
419 1402 532 1440 carmen
551 1386 580 1440 in
600 1388 733 1441 lunonem
752 1402 769 1440 a
787 1385 947 1456 uirginibus
967 1390 1111 1441 cantatum
1131 1387 1206 1455 iecit,
1225 1389 1323 1458 postea

146 1474 234 1530 umile
257 1474 287 1529 P.
308 1473 433 1529 Licinius
451 1473 558 1545 Tegula
577 1475 647 1543 (Liu.
667 1474 758 1529 XXXI
780 1479 822 1545 12)
842 1506 875 1515 -
900 1477 930 1530 et
953 1492 971 1530 a
995 1475 1087 1531 choris
1111 1477 1243 1531 iuuenum
1267 1475 1322 1531 uir·

146 1565 295 1635 pinumque
314 1568 358 1619 est
377 1564 495 1619 dictum.
521 1581 588 1619 nam
607 1570 702 1628 cetera
720 1566 840 1634 hymnus
858 1565 907 1619 ille
922 1565 1092 1619 Horatianus
1107 1564 1176 1621 satis
1193 1566 1321 1621 diuersus

146 1656 185 1708 est
201 1671 221 1709 a
237 1658 349 1720 nostro,
369 1670 453 1722 quem
471 1655 545 1709 male
564 1653 632 1710 olim
652 1658 681 1709 et
700 1654 791 1724 ipsum
808 1655 931 1709 ‘carmen
946 1654 1101 1708 saeculare’
1118 1654 1322 1725 inscripserunt

145 1743 317 1812 (Schwahius
341 1761 367 1812 q.
389 1742 418 1800 (l.
437 1762 464 1813 p.
480 1747 551 1813 365).
588 1744 637 1799 sed
660 1745 808 1800 obscurum
833 1746 887 1811 est,
913 1744 1024 1813 quando
1049 1749 1078 1799 et
1101 1745 1131 1799 in
1155 1744 1229 1813 quod
1254 1745 1322 1800 deae

146 1848 251 1887 aarum
276 1832 399 1887 coniecti
421 1832 480 1887 sint
502 1831 533 1885 hi
556 1851 661 1888 uersus.
698 1850 764 1888 nam
787 1850 878 1902 neque
897 1832 1018 1888 Marcilii
1045 1833 1153 1903 opinio,
1177 1837 1237 1887 tum
1260 1849 1322 1889 esse

146 1938 190 1976 cos
213 1924 356 1987 mnmtos,
385 1939 449 1976 cum
473 1921 539 1976 libri
564 1920 695 1990 Sibyllini
721 1922 945 1990 consulerentur,
972 1939 1063 1990 neque
1087 1923 1197 1978 Bentlei
1222 1924 1321 1995 [praef.

148 2010 210 2066 llor.
230 2028 258 2080 p.
279 2009 358 2082 Xlll]
386 2010 420 2065 de
444 2010 537 2065 idibus
556 2009 710 2064 Sextilibus
729 2009 836 2065 Dianae
860 2010 977 2064 sacratis
997 2010 1125 2079 (Prelleri
1143 2012 1232 2081 myth.
1251 2029 1321 2067 rom.

148 2118 172 2169 p.
185 2105 238 2155 288
251 2105 307 2169 sq.)
326 2098 479 2170 cogitantis
498 2098 639 2155 sententia
657 2100 755 2166 habet,
774 2117 830 2168 quo
849 2115 879 2154 se
898 2116 1068 2170 magnopere
1088 2103 1235 2157 sustentet.
1267 2102 1322 2157 hoc

150 2205 269 2258 quoque,
288 2207 356 2243 num
375 2188 417 2244 ita
434 2189 509 2244 inter
526 2204 627 2259 pueros
645 2192 675 2243 et
692 2187 802 2257 puellas
820 2189 952 2258 strophae
971 2189 1028 2243 sint
1047 2187 1270 2259 distribuendae,
1290 2195 1322 2245 ut

148 2277 197 2332 lue
222 2278 358 2334 cecinisse
384 2276 514 2333 dicantur
537 2284 616 2334 6-8
641 2282 669 2333 et
694 2284 821 2344 13-16,
844 2276 888 2331 illi
912 2280 1010 2332 contra
1029 2284 1125 2332 9-12
1150 2282 1179 2333 et
1199 2284 1321 2348 17-20,

151 2384 240 2423 omnes
268 2366 391 2437 denique
419 2367 504 2421 simul
530 2367 643 2422 initium
671 2368 822 2436 finemque,
850 2367 880 2421 in
908 2365 992 2421 dubio
1022 2368 1065 2421 est
1093 2367 1321 2435 relinquendumr

149 2461 234 2512 totum
253 2473 365 2513 carmen
386 2455 423 2510 ab
440 2459 560 2525 utroque
579 2457 664 2512 choro
684 2459 827 2511 cantatum
846 2472 907 2511 esse
925 2455 1053 2528 equidem
1069 2455 1210 2511 lubentius
1230 2457 1320 2512 credo.

661 2683 798 2740 XXXV.

215 2808 243 2878 1,
263 2807 293 2861 8.
313 2807 425 2862 Poetae
443 2807 567 2879 mucro,
587 2821 654 2862 meo
673 2807 787 2878 sodull,
807 2806 899 2861 uelim
922 2805 1064 2878 Caecilio,
1084 2820 1209 2876 papyro,
1228 2806 1321 2861 licus.

150 2897 315 2965 apostrophe
339 2896 375 2950 ad
400 2896 551 2965 epistulam
576 2899 621 2966 (cx
645 2914 751 2966 papyro
775 2896 834 2949 siue
861 2898 939 2949 carta
965 2897 1151 2964 constantem)
1177 2899 1321 2965 tamquam

150 2983 273 3037 nanuum
293 2984 353 3038 eius
371 2985 420 3052 qui
440 2986 549 3052 scribit,
575 2988 606 3040 ut
626 2987 696 3040 Stat.
716 2985 777 3039 silu.
799 2985 835 3038 lV
855 2992 880 3049 4,
902 2991 915 3037 1
940 3001 1019 3039 carre
1038 3001 1090 3054 per
1108 2985 1247 3039 Euboicos
1265 3002 1321 3038 non

148 3074 245 3142 uuna,
265 3074 394 3141 epistola,
413 3090 521 3143 campos
540 3092 610 3143 eqs.,
630 3077 734 3130 huson.
753 3075 836 3144 epist.
854 3080 894 3140 16,
914 3080 939 3142 2,
961 3080 973 3125 1
990 3090 1086 3142 perpe,
1106 3091 1122 3128 o
1141 3076 1241 3140 libelle,
1260 3076 1320 3131 Sir·

148 3164 227 3216 niam
245 3169 271 3216 et
289 3164 335 3217 dic
353 3178 398 3216 ero
416 3179 472 3217 meo
490 3180 523 3218 cc
541 3168 587 3218 tuo
612 3182 664 3218 urse
683 3170 764 3234 utque
781 3164 858 3218 culae
871 3164 1026 3231 plurimum
1047 3162 1123 3231 (Hor.
1139 3165 1221 3233 epist.
1237 3166 1249 3219 I
1264 3171 1288 3232 8,
1306 3172 1319 3219 t

148 3248 197 3305 huc
216 3269 272 3306 non
290 3250 434 3321 pertinet).
470 3252 568 3306 ‘uelim
587 3253 686 3320 dicas’‚
706 3260 737 3308 ut
756 3251 887 3306 LXVlll²
905 3258 948 3306 37.
981 3252 1015 3304 de
1036 3253 1089 3306 hoc
1109 3250 1231 3308 Caecilio
1250 3253 1321 3308 nihil

147 3346 290 3408 praeterea
307 3341 343 3394 ad
363 3340 528 3395 memoriam
547 3347 673 3397 nostram
699 3348 742 3396 est
760 3341 908 3407 traditum3
933 3341 1018 3394 luisse
1038 3358 1102 3394 eum
1122 3345 1234 3410 poetam
1254 3340 1320 3410 lyri-

147 3444 218 3495 cam,
243 3429 414 3484 attributum
438 3430 529 3499 aperit
556 3431 665 3484 ‘tener'
691 3431 834 3499 proprium
859 3447 968 3495 eorum,
998 3429 1046 3497 qui
1072 3433 1184 3483 teneros
1210 3447 1320 3485 amores

147 3521 247 3571 emunt
270 3522 367 3587 (supra
389 3520 494 3586 p.16);
514 3521 543 3572 et
563 3518 703 3573 ‘sodalem
729 3520 825 3573 suum'
851 3535 914 3572 cum
940 3517 1059 3572 eundem
1083 3520 1166 3571 uocet
1185 3518 1320 3588 Valerius,

147 3624 227 3661 unum
245 3623 281 3661 ex
300 3605 463 3661 cantoribus
482 3607 669 3676 Euphorionis
694 3625 878 3677 agnoscamus
898 3609 1024 3677 oportet,
1049 3606 1144 3674 quiin
1164 3607 1319 3663 studiorum

147 3696 250 3750 maone
270 3696 383 3750 easdem
404 3713 473 3764 quas
488 3694 591 3750 Caluus
611 3700 640 3751 et
660 3695 786 3751 Catullus
806 3697 917 3751 triuerit
935 3696 1005 3749 uias.
1021 3727 1053 3735 -
1075 3696 1104 3767 a,
1124 3694 1153 3750 4.
1173 3697 1319 3753 Veronam

147 3785 246 3840 uslai
269 3784 346 3840 lioal
369 3784 548 3853 relinquens
573 3787 655 3841 Comi
680 3787 797 3842 mocula
821 3787 1002 3853 Lariumque
1026 3785 1110 3841 litus.
1148 3787 1250 3842 dicitur
1269 3789 1320 3844 Co-

146 3890 230 3940 mum,
250 3872 396 3928 Insubriae
411 3874 560 3944 oppidum,
581 3876 608 3929 in
630 3876 705 3930 lacus
727 3876 801 3931 Larii
820 3875 882 3945 ripa
896 3876 1072 3930 meridionali
1091 3876 1224 3945 positum,
1244 3876 1320 3944 quod

144 3979 168 4017 a
186 3981 211 4018 a.
230 3963 297 4018 Chr.
318 3968 352 4016 89
372 3963 480 4018 colonis
504 3981 522 4018 a
540 3964 659 4020 Caesare
683 3983 698 4019 e
723 3964 786 4034 lege
805 3965 914 4018 Vatinii
937 3964 1066 4019 deductis
1089 3982 1191 4020 nomen
1211 3967 1321 4034 accepit

144 4052 213 4108 Noui
237 4053 332 4118 Comi,
358 4057 390 4106 ut
413 4057 525 4107 constat
548 4070 580 4107 ex
606 4055 743 4108 Strabone
764 4054 786 4106 V
811 4072 837 4122 p.
853 4060 905 4107 213
930 4058 959 4108 et
982 4053 1111 4123 Appiano
1134 4053 1160 4106 b.
1181 4071 1202 4106 c.
1228 4053 1252 4105 ll
1276 4060 1319 4107 26.

143 4144 212 4198 mdc
232 4141 400 4198 Schwabius
424 4142 461 4213 [q.
483 4141 511 4198 C.
532 4163 558 4213 p.
574 4146 637 4212 296]
661 4146 738 4198 recte
763 4142 913 4207 conclusit,
942 4146 1005 4211 post
1031 4160 1134 4197 annum
1160 4142 1240 4195 illurn
1267 4142 1319 4196 hos

142 4250 235 4287 uersus
259 4249 323 4286 esse
342 4231 472 4300 scriptos.
513 4233 608 4286 ‘dicas
627 4232 748 4299 ueniat’,
775 4233 808 4286 cs.
829 4232 992 4287 Xuehuerus
1010 4249 1051 4300 gr.
1071 4232 1088 4285 1.
1111 4230 1134 4282 ll
1159 4250 1185 4300 p.
1201 4237 1266 4298 808,
1292 4235 1320 4287 et

142 4321 174 4379 de
193 4321 381 4391 ‘relinquens'
402 4321 545 4390 participii
565 4321 769 4390 significatione
784 4321 916 4375 coristice
934 4320 1001 4374 ibid.
1018 4339 1043 4389 p.
1059 4326 1111 4373 865
1126 4338 1180 4387 sq.;
1200 4321 1319 4389 denique

145 4412 224 4469 auia
244 4411 312 4466 inst.
333 4408 373 4463 Vl
393 4415 443 4464 toa
471 4409 632 4465 Trasumen·
655 4411 738 4464 litora
761 4414 790 4464 et
813 4411 848 4463 ad
873 4410 936 4464 xlv
958 4417 990 4465 19
1014 4409 1125 4478 Satisne
1150 4427 1261 4466 ueneno.
1287 4442 1318 4451 -
