2940 4912
653 314 733 370 xvn
751 320 829 370 1-1.
1266 314 1328 379 141

151 475 227 529 enirn
253 472 423 529 ‘subsalire’
449 472 480 527 in
506 473 676 529 ‘subsulire’
704 477 734 529 et
759 474 813 528 hoc
837 473 868 527 in
892 472 1053 528 ‘subsilire’
1081 473 1196 541 abierit,
1222 476 1328 542 tamen,

151 563 286 631 quonum
303 580 323 617 a
340 559 370 617 C.
389 565 539 632 utrumque
558 562 644 618 scribi
662 563 769 633 potnit,
792 561 1018 633 amplectendum
1043 562 1134 617 estid
1153 563 1227 632 quod
1247 564 1329 619 codd.

151 651 298 721 praebent
335 653 427 722 ipsum
446 653 541 707 autem
560 652 729 706 uocabulum
748 669 887 722 nusquam
905 651 974 706 alibi
993 651 1098 706 lectum
1118 655 1194 722 (nam
1214 651 1330 705 Pacuuii

151 757 248 795 omaus
266 741 305 795 ab
322 739 473 795 AGuarino
496 740 608 795 adlatus
631 740 749 796 fictitius
773 744 828 811 est)
851 758 885 796 ex
908 740 1031 809 tripudio
1051 740 1190 797 Saliorum
1208 740 1255 809 (de
1274 757 1329 809 quo

151 829 186 883 el.
211 828 354 884 Prellerus
377 831 463 898 myth.
488 830 568 884 Rom.
592 847 619 900 p.
639 832 703 898 316)
733 831 845 886 uidetur
867 831 1078 901 expunandam,
1101 833 1134 885 ut
1158 828 1274 884 ‘salire’
1300 831 1330 884 et

153 917 308 973 ‘subsilire’
333 922 380 986 (ex
398 918 442 972 bis
462 918 537 973 enim
555 918 724 974 uocabulum
744 919 936 988 compositum
960 921 1039 989 puto)
1062 919 1232 988 respondeat
1251 934 1329 988 prae·

155 1007 226 1060 snlis
253 1005 458 1077 amptruationi
485 1009 515 1062 et
541 1007 620 1062 chori
647 1007 905 1076 redamptruationi.
949 1025 1005 1063 non
1032 1025 1099 1077 ergo
1128 1024 1191 1062 cum
1219 1006 1330 1061 Handio

152 1111 278 1164 agnosco
298 1101 440 1151 cateruam
454 1096 596 1164 quandam
615 1095 791 1164 saltatorum,
812 1097 859 1151 sed
873 1097 1024 1167 collegium
1040 1096 1190 1164 Saliorum,
1209 1112 1329 1165 quorum

150 1184 213 1239 tine
236 1183 267 1238 in
291 1183 374 1253 plebe
398 1184 532 1238 usitatam
556 1183 777 1255 appellationem
803 1185 992 1255 adsumpserit
1016 1185 1076 1240 siue
1097 1202 1202 1240 nouum
1226 1201 1329 1239 nomeu

149 1273 210 1343 ipse
236 1273 351 1327 finxerit
374 1275 469 1343 poeta.
505 1291 572 1328 nam
598 1290 632 1328 ea
657 1273 767 1344 opinio,
793 1291 850 1341 qua
875 1274 942 1330 olim
969 1274 1107 1345 putabant
1132 1275 1217 1328 Marti
1244 1273 1330 1329 fuisse

150 1361 314 1417 &usumin
332 1377 501 1432 cognomen,
519 1362 591 1416 nihil
610 1379 678 1418 sane
696 1379 752 1430 quo
769 1380 799 1417 se
814 1364 992 1418 commendet
1004 1363 1097 1419 babet.
1127 1365 1217 1418 metro
1231 1365 1326 1418 autem

150 1451 355 1506 comuluerunt
378 1451 485 1521 optime
510 1449 576 1506 Itali
601 1451 788 1505 ‘Salisubsilis
814 1468 895 1506 sacra
920 1451 1123 1521 suscipiantur’
1147 1453 1328 1522 reponentes:

150 1541 260 1595 lineola
282 1540 502 1610 (‘susoipiaui’)
525 1540 631 1597 omissa
655 1539 842 1610 ‘suscipient'
868 1540 1025 1596 necessario
1044 1539 1151 1608 effecit,
1173 1542 1207 1595 ut
1224 1541 1329 1595 iustum

150 1631 350 1684 restitueretur
367 1630 525 1685 subiectum
545 1629 743 1698 ‘salisubsili’,
767 1647 831 1684 cum
849 1629 1016 1699 praesertim
1039 1629 1100 1698 ipse
1118 1628 1230 1684 datiuus
1248 1631 1294 1698 (==
1313 1646 1331 1684 a

148 1716 340 1786 Salisubsilis)
368 1718 510 1773 obscurior
533 1720 616 1776 esset.
659 1735 723 1773 nam
753 1718 776 1773 si
804 1719 857 1773 hoo
886 1717 1061 1774 nominatiuo
1086 1719 1196 1773 seruato
1219 1716 1249 1772 in
1275 1717 1330 1773 fine

148 1805 266 1862 adicere
290 1805 361 1860 uelis
386 1807 511 1875 aliquam
535 1800 666 1861 uoculam
690 1806 790 1876 (ueluti
811 1807 924 1876 ‘iam’),
948 1805 1014 1861 uide
1037 1823 1072 1861 ne
1091 1806 1173 1861 ualde
1192 1807 1331 1876 superflua

148 1895 249 1951 sddss.
280 1895 372 1951 ‘sacra
390 1895 555 1967 suseipsre’,
573 1895 667 1952 facere
687 1912 721 1951 ex
734 1913 811 1951 more
826 1896 931 1951 tradito
945 1911 1038 1951 sacras
1052 1895 1226 1962 saltationes,
1244 1896 1329 1966 paulo

149 1985 236 2040 aliter
255 1984 362 2055 legitur
380 1983 442 2039 Liu.
460 1985 473 2039 1
493 1991 517 2052 ’1,
539 1990 571 2039 15
590 1988 620 2040 11
637 1984 694 2039 Cic.
713 1983 743 2038 in
761 1985 825 2039 Vat.
845 1991 871 2052 1,
892 1992 933 2038 14.
969 2001 1021 2039 neo
1040 1986 1137 2040 tamen
1156 1984 1221 2039 hinc
1239 1985 1329 2053 sequi·

149 2076 212 2139 tur,
231 2072 368 2128 Coloniae
387 2075 473 2129 hrisse
492 2070 584 2128 Salios
603 2075 647 2143 (ut
671 2091 738 2128 sane
756 2072 821 2128 aliis
840 2073 940 2128 Italiae
959 2071 1070 2144 oppidis
1089 2090 1123 2131 cx
1141 2072 1249 2129 Itomae
1267 2073 1329 2128 imi-

148 2162 288 2233 maone),
308 2163 358 2218 sed
376 2162 469 2218 iocose
488 2163 518 2216 hi
535 2163 566 2216 et
584 2180 648 2217 cum
666 2162 798 2218 inrisione
817 2162 946 2233 oppiduli
964 2163 1046 2217 ludos
1065 2161 1233 2218 celebraturi
1253 2179 1329 2218 com-

148 2254 357 2306 memorantur:
377 2251 419 2306 ita
431 2251 536 2322 probus
554 2250 609 2305 tibi
622 2251 673 2306 flat
686 2268 769 2321 pons,
789 2251 850 2319 qui,
870 2250 894 2306 si
908 2269 961 2306 usn
976 2250 1084 2319 ueniat,
1104 2250 1243 2305 Saliorum
1257 2251 1328 2306 adso

147 2339 285 2410 tripudiis
303 2340 360 2395 illis
377 2340 497 2396 fortibus
515 2357 571 2394 non
589 2341 774 2394 concutiatur.
793 2371 826 2381 -
848 2340 876 2395 t.
897 2355 1005 2396 1111111111
1028 2339 1085 2395 heo
1107 2339 1182 2393 1111111
1205 2340 1329 2396 1111111111
1408 2375 1412 2384 ·

147 2429 205 2500 ΙΙ,
228 2427 373 2502 colonia,
398 2429 491 2484 risus.
533 2428 585 2484 ede
607 2427 678 2483 mihi
701 2429 776 2483 hunc
799 2428 895 2483 ludum
922 2428 981 2484 siue
1000 2427 1191 2498 spectaculum
1214 2432 1267 2498 (ex
1287 2446 1328 2498 gr.

148 2518 233 2572 Ouid
248 2534 276 2573 ι
291 2535 316 2572 a
331 2518 343 2572 1
360 2524 412 2572 1⁵10
431 2525 456 2574 et
470 2534 541 2588 pore
557 2516 672 2587 tpoetots‘
685 2518 805 2573 manete
818 2519 877 2587 ipse
889 2518 958 2586 fuit)
971 2516 1026 2572 hcc
1040 2516 1102 2587 ipso
1116 2518 1211 2587 ponte,
1228 2517 1259 2570 in
1273 2534 1329 2585 quo

147 2612 181 2661 nt
200 2615 286 2662 nero
303 2606 456 2674 aliquando
475 2606 556 2662 ludos
570 2606 694 2662 celebres
708 2605 762 2660 tibi
776 2606 851 2675 opto.
880 2604 954 2659 ludit
966 2606 1052 2674 poeta
1066 2605 1095 2660 in
1110 2623 1177 2662 uoce
1194 2607 1328 2674 ‘munus’,

147 2714 215 2751 eum
233 2712 294 2764 qua
311 2696 458 2765 genetibus
476 2695 622 2764 qualitatis
643 2695 731 2749 ‘mam
750 2693 838 2749 risus'
859 2695 905 2762 (11.
925 2693 978 2748 XV
999 2697 1042 2761 17)
1065 2696 1197 2750 cohaeret
1215 2696 1329 2764 quidem

146 2790 195 2855 (ε-
216 2783 289 2839 risui
308 2786 446 2839 mouendo
465 2785 669 2854 aptissimum),
693 2784 742 2838 sed
766 2785 799 2837 ut
816 2783 899 2838 facile
918 2784 993 2838 idem
1011 2783 1048 2837 ad
1071 2783 1163 2852 ipsam
1183 2785 1328 2840 Coloniam

147 2875 242 2945 possit
266 2873 378 2940 referri,
401 2873 531 2926 nimirum
556 2873 710 2943 cupiditate
730 2873 810 2926 ludos
834 2873 935 2927 edendi
958 2873 1114 2928 ridiculam.
1135 2876 1328 2941 -8.1111111·

146 2965 219 3019 dn
239 2961 423 3030 nnslolpem
442 2975 539 3015 meum
557 2961 586 3015 d.
606 2961 631 3015 t.
650 2960 721 3016 uelo
736 2976 766 3029 p.
795 2960 910 3030 exponit
923 2961 979 3015 iem
995 2959 1033 3027 0.,
1048 2962 1122 3030 quod
1138 2964 1329 3031 spectaculum

147 3056 263 3125 hgitet
283 3054 346 3107 sibi.
384 3053 432 3106 ‘m.
452 3051 511 3118 m.’,
531 3051 621 3105 ciuem
639 3050 786 3119 municipii
805 3050 860 3105 mei
879 3049 946 3118 (Cic.
967 3050 1041 3104 Cael.
1062 3057 1086 3118 2,
1107 3057 1123 3104 b
1141 3052 1329 3122 manicipibsss

147 3162 206 3200 sess
223 3143 376 3212 probatum
393 3143 476 3208 sais),
497 3141 622 3195 Veronae
646 3139 768 3206 scilicet;
794 3156 817 3193 a.
838 3144 871 3193 89
891 3157 915 3195 a.
935 3139 998 3193 Chr.
1024 3139 1117 3195 Gallia
1139 3143 1330 3211 transpadana

146 3235 214 3304 lege
238 3231 291 3286 Cn.
311 3229 427 3299 Pompei
447 3228 591 3284 Strabonis
613 3229 657 3283 ius
681 3228 757 3283 Latii
780 3230 940 3297 acceperat;
965 3230 998 3283 cf.
1024 3246 1064 3284 ex.
1084 3248 1125 3299 gr.
1150 3229 1329 3299 EHerzogius

147 3323 218 3378 libri
242 3321 343 3375 ‘roem
358 3318 628 3388 Staatsvertassuug'
645 3318 656 3369 1
671 3337 697 3388 p.
712 3323 764 3371 479
780 3334 820 3385 sq.
850 3322 971 3373 ceterum
993 3319 1057 3372 binc
1076 3318 1197 3372 maxime
1211 3320 1330 3387 apparet

146 3408 337 3482 cogitandum
361 3425 421 3462 esse
446 3409 480 3463 dc
503 3408 566 3461 loco
589 3407 618 3461 in
642 3405 769 3461 Veronae
793 3404 897 3461 uicinia
920 3408 1027 3476 posito,
1050 3423 1132 3474 quem
1154 3405 1328 3472 frequentius

145 3501 229 3554 adire
249 3497 291 3552 sit
308 3495 408 3550 solitus
427 3493 532 3550 Catulli
555 3496 608 3549 iste
628 3493 763 3562 concinis,
787 3494 870 3549 aliter
889 3513 951 3550 oum
976 3496 1021 3549 uix
1045 3494 1160 3547 carmini
1178 3511 1244 3546 suus
1264 3510 1327 3547 con·

147 3593 207 3644 stet
227 3588 319 3656 lepor.
358 3584 455 3653 ‘nolo’,
474 3587 505 3638 ut
525 3584 562 3637 Vl
583 3590 623 3638 16.
644 3615 677 3624 —
695 3585 725 3639 9.
749 3583 796 3638 ire
821 3584 1018 3653 praeclpltem
1039 3584 1071 3637 ln
1090 3583 1187 3638 lutum
1206 3596 1262 3652 per
1280 3597 1327 3638 ca·

147 3682 268 3749 ,114111
290 3674 449 3744 pedesque.
473 3673 605 3743 paludem
621 3672 734 3727 ‘lutum'
752 3674 908 3742 appellanti
922 3676 1022 3743 poetae
1042 3672 1159 3727 sortasse
1179 3673 1329 3728 obuersata

146 3782 190 3824 est
210 3766 313 3834 imago
333 3763 389 3817 suis
407 3763 562 3818 lutulentae
586 3762 693 3818 homini
717 3763 764 3816 isti
784 3780 850 3817 sans
870 3779 954 3830 quam
974 3766 1050 3831 apta.
1087 3779 1171 3830 quam
1191 3763 1328 3818 formulae

147 3861 240 3914 instar
259 3853 428 3910 oblitterata
446 3852 553 3923 origine
572 3851 611 3907 sit
624 3851 729 3906 factum
743 3851 813 3904 illud
830 3852 881 3905 ‘irc
897 3851 1105 3921 praeeipitem’‚
1125 3852 1228 3907 docent
1241 3854 1329 3907 uerba

145 3947 283 4019 proxima
303 3943 421 3997 hilarem
437 3942 655 4010 descriptionem
669 3939 874 4007 continuantia,
894 3957 965 4010 quae
981 3959 1013 3995 ex
1028 3943 1108 4011 parte
1123 3942 1278 4012 (‘praeceps
1294 3972 1327 3981 -

144 4057 195 4109 per
220 4032 340 4106 eaput')
362 4031 438 4086 idem
461 4030 628 4100 significant.
666 4027 739 4083 Liuii
762 4029 885 4099 perioch.
904 4029 982 4083 XXll
1005 4032 1040 4085 cb
1064 4046 1142 4100 eque,
1165 4048 1241 4099 11111
1264 4047 1327 4084 coo-

144 4128 309 4191 mdesat,
330 4139 383 4191 per
406 4125 489 4189 capet
507 4119 664 4186 deuolutos,
688 4118 741 4173 hoe
761 4122 816 4183 est,
840 4135 987 4189 praeceps,
1010 4137 1143 4190 graecum
1162 4119 1327 4186 κατωκάρας

143 4218 186 4273 sui
207 4215 236 4270 si
256 4209 385 4268 adicitur
407 4208 589 4278 ‘pedesque’,
607 4206 742 4277 graphice
759 4208 911 4261 admodum
930 4207 984 4262 hoe
1002 4209 1034 4262 fit
1051 4210 1135 4278 atque
1154 4207 1327 4262 ioculariter:

143 4326 238 4365 mn
259 4304 371 4359 natura
393 4299 506 4352 inuersa
531 4300 616 4365 caput
639 4299 781 4364 deorsum,
804 4298 890 4365 pedes
914 4314 1022 4352 sursum
1047 4301 1119 4352 sunt
1157 4314 1328 4367 quamquam

143 4397 269 4455 [mense
292 4391 425 4461 praestat
448 4387 539 4442 altera
556 4387 766 4456 interpretatio,
790 4387 942 4440 secundum
961 4403 1043 4454 quam
1068 4404 1102 4441 sx
1126 4389 1192 4441 noto
1211 4403 1329 4457 praepo·

1064 4476 1114 4529 10*
