2940 4912
593 281 680 335 LXIV
700 286 849 336 loe-106.
1241 281 1307 346 395

134 443 192 499 iam
217 443 307 499 exiret
326 443 363 497 ad
381 460 506 514 pugnam
523 441 660 508 Theseus,
684 444 754 511 quot
776 441 826 496 illa
844 458 942 511 preces
964 460 1014 511 pro
1037 443 1114 498 saluo
1133 461 1197 498 caro
1216 444 1308 514 capite

133 531 210 588 fudit
228 532 268 600 (³0
291 532 421 601 quotiens
445 532 554 602 palmas
577 532 612 585 ad
636 532 728 585 sidera
746 529 861 585 sustulit
884 534 914 586 et
932 534 1001 599 quot
1019 548 1075 586 uon
1096 533 1219 603 ingrata’
1240 551 1308 603 equ,

133 621 170 677 cf.
195 620 268 677 Ciris
291 622 309 689 l,
330 638 394 676 mox
413 621 452 690 1.).
494 620 612 674 fortasse
636 638 669 674 ex
694 637 787 690 panno
810 637 882 674 nuno
905 618 1061 690 intercepto
1084 620 1179 676 bausit
1201 621 1307 677 Statius

133 712 222 768 Theb.
242 709 461 766 1111668-616.
483 741 514 749 -
535 709 607 781 101,
628 708 694 765 194.
713 723 773 764 non
792 709 914 776 ingrata
932 711 1031 764 tamen
1050 711 1170 766 trustra
1187 726 1307 767 munus·

133 800 204 857 cala
221 799 303 855 diuis
322 801 503 869 promittens
522 800 616 855 tacito
636 800 772 868 succepit
794 799 867 853 uota
889 798 1013 856 labello.
1053 799 1201 870 ‘succepit’
1222 801 1307 869 (quod

134 891 231 959 inepte
250 892 379 943 statuunt
396 906 494 959 sapere
514 907 639 959 prosam:
659 889 693 943 ct.
714 888 794 943 Ouid.
809 891 875 944 met.
891 887 942 940 VlI
956 894 1009 942 450
1023 890 1052 943 et
1065 888 1103 943 IX
1118 892 1181 956 301)
1195 889 1307 959 egregie

132 977 269 1033 AStatius
291 978 389 1032 clicuit
413 995 446 1031 ex
469 979 574 1033 trudito
600 977 776 1037 ‘succendit’
798 979 831 1047 (P
850 976 880 1031 in
898 978 922 1031 D
947 976 1043 1046 abiit);
1067 979 1204 1033 namhoc
1224 979 1308 1034 ‘uota

132 1067 288 1123 succendit’
307 1071 366 1122 tam
380 1068 515 1121 absonum
532 1069 574 1120 est
588 1083 671 1135 quam
687 1067 760 1134 quod
775 1067 840 1122 Itali
854 1067 919 1122 iude
934 1066 1086 1123 affecerunt
1101 1069 1180 1123 ‘uota
1193 1086 1307 1138 suspen·

132 1156 202 1223 dit’;
220 1174 311 1226 neque
331 1158 405 1212 recte
426 1156 619 1210 Froeblichius
635 1157 801 1211 ‘succendit’
819 1173 932 1211 seruans
950 1157 1050 1224 ‘uota’,
1070 1158 1144 1226 quod
1163 1155 1309 1225 requirunt

132 1248 221 1302 uerba
238 1246 419 1316 praeeuntia,
438 1246 467 1299 in
484 1246 569 1300 ‘tura’
586 1245 809 1311 transformarit,
833 1245 908 1314 quod
928 1249 1073 1314 praeterae
1090 1247 1240 1301 damnatur
1258 1247 1307 1302 illo

134 1336 241 1391 ‘tacito
270 1335 401 1390 labello'.
443 1352 498 1404 quo
526 1335 679 1401 indicatur,
702 1334 777 1389 intra
804 1351 834 1389 se
862 1336 892 1388 et
918 1335 991 1389 clam
1019 1334 1183 1405 propinquis
1210 1338 1308 1405 utpote

131 1427 241 1481 Theseo
267 1424 383 1479 minime
405 1424 566 1479 fauentibus
590 1423 728 1492 uirginem
752 1425 820 1479 uota
842 1424 952 1479 fecisse:
981 1423 1107 1494 Sulpicia
1130 1424 1200 1495 eleg.
1224 1430 1308 1493 1,16

133 1517 183 1570 silo
201 1516 283 1570 aliud
300 1517 399 1579 tacito,
418 1516 474 1568 iam
493 1520 555 1582 tuo,
575 1518 661 1567 mente
678 1519 771 1583 rogat,
790 1513 855 1567 Hor.
876 1513 957 1582 epist.
977 1515 989 1567 1
1010 1520 1056 1581 14,
1077 1520 1109 1567 14
1128 1516 1214 1569 tacita
1230 1531 1309 1584 prece

131 1622 202 1660 rara
217 1604 341 1674 pachus,
366 1603 446 1657 Ouid.
466 1603 540 1659 trist.
560 1604 572 1656 Ι
593 1609 621 1670 1,
641 1607 675 1656 19
699 1607 723 1656 ct
747 1605 848 1656 tacitus
865 1619 954 1657 secum
1033 1607 1112 1672 optet.
1150 1619 1221 1671 quas
1240 1606 1309 1658 uota

88 1726 96 1741 ·
131 1693 292 1750 ordusmodi
309 1691 426 1759 tuerint,
449 1692 579 1763 aperiunt
601 1691 700 1746 uerba:
726 1689 810 1744 ‘diuis
828 1677 1025 1760 (sollemniter,
1050 1690 1092 1746 dis
1111 1691 1230 1760 magnis)
1248 1710 1306 1745 mu-

132 1782 252 1839 nuscula
265 1781 397 1852 (enanida
409 1779 578 1835 deminutiui
592 1779 706 1835 notione
720 1796 772 1849 pro
788 1779 926 1833 ‘munera’
942 1780 1002 1834 siue
1013 1780 1120 1847 ‘dona’,
1134 1784 1167 1835 ut
1180 1779 1308 1836 valub

133 1878 194 1943 161)
213 1888 270 1927 non
288 1871 401 1940 ingrata
419 1870 547 1939 quidem,
572 1870 621 1923 sed
645 1872 739 1923 tamen
762 1868 865 1923 frustra
887 1869 1074 1938 promittens'.
1112 1886 1184 1940 quac
1207 1870 1307 1925 melius

132 1961 279 2030 Maduigio
300 1961 404 2031 [opusc.
424 1960 436 2014 I
456 1979 481 2030 p.
502 1961 563 2029 61],
587 1959 636 2027 qui
661 1958 813 2028 ‘copiosius
833 1957 974 2015 Catullum
992 1961 1111 2014 eundem
1131 1977 1189 2015 rem
1208 1963 1238 2015 et
1257 1960 1305 2014 ad-

132 2051 237 2106 iectiuo
256 2053 287 2104 et
304 2049 438 2104 sduerbie
457 2047 638 2119 expressisse:
658 2066 713 2104 non
732 2049 844 2118 ingrata
863 2051 958 2105 tamon
971 2051 1136 2105 munuscula
1149 2051 1262 2105 sumunt
1278 2051 1308 2104 et

132 2142 239 2195 frustm
257 2138 365 2195 oblata'
387 2137 496 2193 censuit
513 2138 644 2193 obstante
668 2155 737 2193 uoce
757 2139 885 2205 ‘tamen'‚
909 2139 966 2193 iam
989 2139 1057 2193 olim
1077 2139 1230 2208 explicauit
1246 2138 1307 2192 hiu-

132 2231 209 2285 rebus
229 2229 283 2284 ita:
303 2246 358 2284 uon
376 2228 489 2299 ingrata
507 2228 620 2297 quidem
639 2229 805 2282 munuscula
823 2230 903 2281 erant
922 2229 987 2296 diis,
1006 2228 1111 2298 quippe
1130 2228 1179 2296 qui
1198 2229 1307 2282 Thesea

132 2321 291 2387 remanent,
311 2319 359 2373 sed
377 2321 473 2373 tamen
491 2318 596 2374 frustra
614 2317 745 2388 promisit
762 2317 852 2386 uirgo,
872 2334 943 2385 quae
958 2317 1080 2373 fructum
1094 2316 1160 2372 inde
1175 2333 1231 2371 non
1245 2333 1307 2385 per·

133 2410 242 2481 ciperet
260 2426 325 2464 mox
344 2409 380 2461 ab
399 2409 449 2463 illo
469 2408 588 2463 deserta.
616 2406 766 2462 adhibetur
785 2405 859 2460 enim
878 2405 1018 2460 interdum
1038 2423 1098 2461 cum
1120 2405 1197 2460 certa
1215 2404 1307 2459 breui-

132 2502 192 2554 tate
216 2501 248 2553 et
270 2500 312 2553 ita
335 2501 368 2552 ut
389 2498 578 2567 praeponatur
601 2513 656 2551 uox
676 2495 818 2550 ‘tamen'r
841 2495 907 2550 Hor.
927 2495 972 2550 od.
991 2495 1004 2548 Ι
1025 2499 1070 2563 11,
1091 2502 1123 2550 19
1148 2501 1239 2550 tomen
1256 2495 1308 2548 heu
1374 2533 1388 2556 .

131 2606 208 2644 serus
227 2629 252 2642 ..
271 2588 391 2642 contines
410 2584 475 2654 (etsi
494 2588 566 2640 eheu
585 2603 671 2654 serus,
689 2587 783 2639 tamen
803 2584 946 2652 conlines),
965 2584 1048 2655 Verg.
1069 2584 1119 2638 ecl.
1141 2592 1166 2652 1,
1184 2589 1218 2638 18
1239 2601 1308 2653 quur

134 2695 194 2734 sera
214 2685 306 2734 terren
325 2678 443 2744 respexit
462 2675 527 2744 (etsi
546 2692 616 2743 sere,
635 2677 730 2729 tamen
745 2673 893 2744 respexit);
912 2672 945 2729 cf.
963 2673 1160 2742 Hertsbergius
1174 2672 1211 2728 ad
1225 2673 1307 2743 Prop.

134 2768 172 2821 111
194 2773 240 2835 15,
261 2772 303 2820 35.
341 2764 407 2820 uide
427 2783 508 2835 porro
527 2766 592 2819 Hor.
613 2765 656 2819 od.
678 2765 689 2816 1
709 2769 757 2831 14,
778 2769 809 2818 11
829 2765 937 2831 frustra
952 2763 1031 2832 pium
1055 2766 1085 2817 at
1103 2763 1138 2817 de
1158 2763 1234 2817 uocis
1255 2761 1307 2817 ‘in-

133 2857 226 2927 grata'
252 2854 457 2926 significatione
480 2854 593 2924 passius
617 2853 656 2906 ad
681 2851 793 2907 LXXVI
818 2859 841 2907 6.
883 2869 1052 2920 quamquam
1076 2853 1146 2907 illud
1171 2853 1306 2907 ‘trustra‘

133 2946 243 3014 (eadem
273 2961 336 2998 cum
364 2943 571 2998 constructione
599 2944 794 3012 grammatice)
820 2942 940 2997 fortasse
963 2943 993 2995 et
1014 2941 1055 2996 ita
1077 2941 1145 2996 licet
1169 2941 1306 3011 accipere,

134 3035 209 3105 quod
233 3049 289 3088 non
313 3051 383 3102 opus
406 3033 491 3087 fuerit
513 3032 674 3086 muneribus
697 3032 767 3098 illis,
791 3047 841 3085 suo
866 3030 954 3099 ipsius
977 3031 1077 3085 robore
1102 3047 1165 3084 cum
1185 3031 1308 3086 Theseus

136 3123 266 3180 indomiti
285 3123 374 3177 instar
393 3122 511 3176 turbinis
529 3123 685 3175 monstrum
704 3120 858 3189 subegerit,
877 3121 909 3174 ut
927 3120 982 3173 huc
1001 3117 1178 3189 potissimum
1198 3124 1306 3190 spectet

137 3231 191 3268 nox
210 3212 300 3267 ‘num'
321 3230 347 3266 u.
369 3218 429 3266 105.
466 3215 588 3266 ceterum
611 3209 739 3264 imitatur
762 3210 831 3263 haee
855 3209 925 3263 Ciris
944 3210 1042 3264 auctor
1060 3215 1121 3266 119.
1140 3241 1174 3250 -
1197 3210 1308 3280 iamque

135 3302 235 3358 Thesei
262 3302 348 3356 robur
375 3300 474 3370 ingens
500 3301 667 3369 conparatur
695 3316 758 3353 cum
789 3302 956 3368 tempestate
985 3299 1079 3353 omnia
1107 3303 1309 3369 prosternente,

135 3391 257 3461 imagine
281 3388 420 3444 consimili
444 3388 515 3456 eius,
543 3405 600 3463 qua
623 3387 688 3442 inde
716 3388 751 3442 ab
775 3387 898 3441 Homero
922 3387 1068 3441 cadentem
1092 3387 1182 3441 uirum
1207 3388 1308 3442 fortem

135 3497 198 3535 cnm
221 3483 321 3534 ruente
344 3497 395 3549 per
418 3479 475 3532 uim
499 3478 640 3548 procellae
664 3477 764 3533 arbore
787 3476 965 3530 conferebant
989 3475 1081 3545 (Hom.
1102 3477 1133 3529 11.
1155 3477 1178 3528 V
1202 3483 1254 3531 160
1279 3483 1308 3533 et

136 3569 201 3624 xm
220 3574 287 3635 ³8⁹3
310 3568 375 3623 Hes.
396 3570 464 3621 scut
484 3568 565 3621 Herc.
587 3573 633 3632 413
657 3565 748 3635 Apoll.
769 3565 857 3620 Rhod.
878 3563 916 3617 111
941 3570 992 3618 961
1017 3568 1046 3618 at
1066 3569 1148 3630 1314,
1168 3564 1207 3617 IV
1229 3572 1308 3630 168ος

136 3659 217 3730 Verg.
237 3660 305 3712 Asu.
328 3658 350 3711 11
371 3662 423 3712 618
442 3661 471 3710 et
492 3655 514 3708 V
532 3661 593 3722 441,
617 3655 683 3712 Hor.
704 3656 748 3710 od.
770 3655 806 3709 IV
826 3660 850 3722 6,
870 3656 905 3722 9).
932 3684 965 3694 -
990 3653 1056 3709 101.
1080 3669 1148 3709 nam
1167 3656 1254 3711 uelut
1277 3657 1308 3711 ln

135 3761 251 3803 samaro
270 3746 457 3815 quatientem
477 3745 602 3800 brachia
621 3746 721 3800 ‘I'auro
740 3757 895 3812 quercum.
924 3759 1042 3812 quercus
1056 3744 1172 3799 brachia
1185 3761 1236 3798 sua
1250 3745 1309 3799 siue

135 3852 227 3891 nmoa
246 3840 325 3903 (noto
345 3855 408 3904 risu,
428 3839 460 3889 ut
478 3854 520 3893 cx.
535 3854 575 3905 gr.
596 3834 748 3904 Septimius
767 3833 886 3887 Serenus
904 3833 1003 3902 fragm.
1021 3832 1047 3885 1¹³
1066 3831 1126 3886 LM.
1144 3834 1229 3902 pinca
1248 3835 1309 3887 bru·

134 3927 196 3980 driu
215 3943 277 3980 cum
302 3926 452 3994 trepidant)
476 3927 574 3993 utpote
598 3923 691 3978 uentis
714 3938 860 3993 percussos
885 3921 1009 3990 ‘quatit',
1028 3923 1082 3976 hoo
1106 3923 1150 3975 est
1172 3920 1310 3976 uiolenter

135 4017 309 4081 commouet,
333 4016 427 4084 posita
446 4014 555 4068 scilicet-
574 4014 613 4068 ‘in
632 4029 739 4068 summo
760 4012 874 4078 Tauro’‚
894 4014 989 4066 monte
1007 4010 1157 4065 admodum
1176 4011 1309 4080 graphice

138 4103 184 4159 hic
204 4102 361 4169 nominato;
382 4104 452 4157 bene
467 4101 609 4156 IVossius:
631 4102 778 4170 ‘nusquam
798 4100 827 4154 in
844 4099 987 4179 totomari
1002 4101 1205 4155 mediterraneo
1219 4100 1310 4169 magis

135 4191 307 4248 formidandi
328 4197 447 4262 regnant
471 4192 596 4246 turbines
620 4206 704 4259 quam
730 4191 766 4244 ad
791 4189 982 4258 Chelidonias,
1006 4189 1054 4243 ubi
1079 4206 1179 4259 nempe
1202 4189 1310 4244 Taurus

132 4299 213 4338 mons
237 4287 319 4337 uasto
343 4288 372 4336 et
395 4281 531 4335 immenso
556 4281 584 4334 in
609 4299 685 4335 mare
705 4278 902 4348 Pamphylium
926 4279 984 4333 exit
1006 4278 1086 4348 iugo,
1110 4282 1143 4334 ut
1164 4294 1309 4333 necessum

134 4371 174 4426 ait
197 4373 227 4428 in
251 4374 311 4426 tam
335 4370 494 4442 procelloso
517 4369 580 4426 loco
603 4372 717 4425 arborea
740 4369 818 4439 gigni
843 4368 1043 4436 ualidissimas,
1068 4369 1143 4439 quod
1166 4369 1256 4439 ipsum
1281 4369 1310 4425 in
