2940 4912
210 257 275 320 272
432 232 436 239 ’
724 259 773 313 sv
792 265 870 313 s-s.

209 416 390 488 scripserunt.
431 417 485 474 hoc
515 419 602 487 uulgo
631 419 803 489 accipientes
831 416 975 489 explicant
995 419 1046 472 aut
1069 418 1129 472 ‘eas
1151 419 1246 474 tamen
1269 419 1391 489 puellas,

209 523 282 576 quae
300 505 418 562 hilarem
437 523 504 577 prae
523 524 552 562 se
570 507 678 563 ferrent
690 508 813 563 uultum'
830 508 923 579 (qnasi
936 524 1002 563 nero
1017 507 1070 562 hae
1084 505 1216 563 femellae
1231 508 1260 562 in
1274 508 1391 578 publico

211 596 372 652 incedentes
402 599 605 667 captantesque
635 602 774 654 amatores
800 597 888 653 alium
913 615 997 667 quam
1023 597 1129 651 laetum
1155 598 1266 653 nultum
1291 614 1391 668 gerere

213 685 345 753 solerent)
369 688 421 741 ant
444 686 525 754 ‘quas
548 703 566 740 a
588 704 633 742 me
657 689 810 758 prehensas
834 686 894 742 uidi
917 689 1013 742 tamen
1036 686 1117 740 uultu
1139 703 1196 741 uon
1219 687 1389 742 conturbato

211 772 284 828 nihil
298 773 372 845 signi
387 775 516 844 prodere'
532 775 626 845 (quasi
640 794 696 833 non
712 777 848 832 ‘serenus'
866 776 984 831 haberet
998 773 1159 846 oppositum
1175 774 1299 844 ‘tristis’,
1314 776 1391 845 quod

212 863 327 918 minimo
345 864 424 918 ualet
443 865 511 919 ‘non
525 865 742 937 conturbatus’).
781 867 890 921 ‘sereno
904 865 1008 933 uultn’,
1027 881 1148 933 quocum
1162 864 1198 920 cf.
1213 863 1282 920 Aen.
1296 863 1323 917 11
1337 871 1391 920 285

210 967 318 1007 emersos
335 954 459 1019 foedauit
477 956 573 1010 uatus
594 959 623 1010 et
641 956 706 1012 Hor.
727 956 771 1010 od.
791 954 861 1023 lar,
881 961 924 1024 26,
943 970 1029 1023 quam
1047 954 1151 1010 rectius
1171 970 1201 1009 se
1214 954 1322 1010 habeat
1335 956 1389 1025 (‘a'

212 1044 242 1096 et
262 1042 301 1096 ‘o’
323 1041 483 1110 frequenter
501 1044 643 1113 confusae,
661 1045 693 1099 ut
711 1042 773 1097 LIV
794 1050 807 1096 1
829 1043 936 1113 ‘opido'
958 1059 1008 1112 pro
1027 1043 1157 1113 ‘opido')‚
1176 1043 1260 1099 docet
1272 1043 1391 1100 alterins

214 1129 255 1184 rei
275 1131 484 1202 contemplatio.
523 1133 604 1188 ‘uidi'
626 1133 701 1188 enim
714 1133 830 1204 regulae
845 1149 929 1203 snpra
943 1132 1095 1202 exposItae,
1114 1149 1149 1187 ex
1163 1150 1220 1200 qna
1233 1133 1280 1188 bic
1294 1151 1393 1189 nereus

216 1223 260 1274 est
283 1240 353 1276 unus
373 1239 406 1276 ex
424 1220 555 1294 integris,
575 1223 664 1278 solnm
688 1223 719 1276 in
736 1225 817 1293 parte
840 1222 933 1293 priore
956 1223 1102 1293 repugnat.
1139 1223 1212 1278 uude
1236 1223 1305 1278 olim
1325 1223 1393 1278 Itali

213 1310 321 1366 ‘uideo'
351 1327 513 1382 reposuere,
540 1312 760 1383 adprobantibus
788 1311 878 1367 doctis
906 1311 981 1366 haud
1004 1311 1115 1382 paucis,
1144 1311 1194 1381 qui
1216 1313 1271 1367 hoo
1294 1315 1394 1368 umen
1452 1369 1457 1376 ,

213 1400 409 1469 neglexerunt,
440 1418 523 1471 posse
549 1402 663 1472 quidem
688 1418 821 1471 praesens
844 1405 954 1471 tempus
978 1399 1183 1470 significatione
1205 1401 1326 1471 porrecti
1349 1403 1393 1457 nti

212 1489 388 1557 (Kuebnerus
411 1507 452 1560 gr.
477 1492 495 1544 l.
519 1491 544 1545 lI
567 1509 593 1560 p.
613 1495 672 1561 88),
699 1491 748 1546 sed
773 1489 821 1545 uix
847 1491 983 1559 sequente
1008 1489 1173 1559 imperfecto
1201 1488 1390 1562 ‘flagitabam'

213 1575 286 1632 illnd
318 1578 422 1634 habere
450 1579 551 1634 locum.
597 1580 699 1634 deinde
726 1582 759 1634 ut
788 1579 882 1635 ‘uideo
910 1581 1033 1635 serenas'
1063 1580 1190 1648 ineptum
1217 1595 1278 1635 esse
1306 1581 1393 1636 modo

214 1667 337 1737 optInui,
358 1669 400 1724 Ita
417 1686 470 1723 nse
494 1670 587 1724 ‘uideo
611 1670 692 1724 uultu
715 1670 824 1725 sereuo'
845 1671 881 1724 ad
900 1671 1013 1739 postam
1033 1670 1154 1724 relatum
1172 1667 1260 1724 latine
1279 1668 1394 1737 dicitur,

213 1756 354 1824 siqnidem
378 1757 496 1812 ‘uidere'
522 1775 577 1813 non
601 1756 680 1812 ualet
704 1756 851 1827 ‘aspicere’
877 1758 937 1812 siue
960 1757 1085 1813 ‘uisere'.
1127 1755 1249 1826 deniqne
1271 1758 1394 1813 mutatio

213 1846 265 1900 illa
282 1846 385 1901 inludit
403 1845 580 1902 coniectandi
599 1846 661 1901 arti.
699 1846 770 1900 mihi
788 1845 859 1901 nihil
878 1845 956 1900 uliud
975 1847 1004 1901 in
1024 1846 1107 1901 ‘uidi’
1128 1846 1217 1901 latere
1236 1849 1281 1901 est
1299 1848 1392 1902 nisum

212 1952 296 2005 quum
318 1934 407 1989 ‘uicti'
428 1934 542 2005 (millies
563 1935 603 1988 ‘d’
625 1940 654 1992 et
673 1936 721 1991 ‘cl’
750 1936 906 2005 confusae),
926 1936 1001 2004 quod
1021 1935 1114 1990 scriba
1131 1936 1327 2006 neglegentius
1346 1955 1393 1992 ex·

212 2023 305 2080 arauit
323 2041 374 2094 pro
395 2024 498 2094 ‘uigili’
520 2025 566 2093 (of.
587 2025 764 2095 ‘pernielare'
785 2027 815 2080 et
834 2025 1050 2094 ‘perngilare').
1087 2026 1156 2080 Aen.
1172 2025 1210 2079 IV
1227 2031 1278 2080 182
1293 2027 1393 2097 stipites

212 2114 298 2181 oculi,
323 2113 407 2170 Ouid.
431 2113 450 2170 i.
470 2115 481 2168 Ι
500 2119 553 2168 466
576 2115 660 2182 utpsli
677 2130 722 2169 ere
742 2114 859 2183 (Neuius
883 2113 909 2168 d.
934 2112 952 2168 f.
977 2114 996 2168 l.
1021 2113 1047 2166 11
1071 2132 1100 2184 p.
1125 2116 1182 2182 18);
1207 2115 1242 2169 os.
1265 2117 1296 2169 et
1319 2115 1392 2171 Gall.

217 2202 255 2255 XI
280 2209 305 2271 t,
330 2209 347 2255 4
368 2204 522 2274 requs'reate
543 2203 633 2258 cultu.
671 2202 728 2256 iem
753 2203 840 2273 igitur
862 2203 932 2257 baec
955 2204 991 2257 ad
1016 2205 1130 2272 poetam
1149 2202 1322 2272 referuntur,
1344 2204 1392 2273 qni

214 2292 295 2346 uultu
314 2294 425 2347 attento
444 2292 557 2362 quidem
577 2291 648 2363 (soil.
663 2294 695 2346 ut
708 2291 791 2362 siqua
805 2310 852 2348 ore
867 2292 1017 2362 appareret
1030 2292 1145 2348 confuso
1159 2293 1310 2363 rubroque,
1327 2294 1392 2348 inde

215 2380 351 2436 indicium
369 2384 493 2451 caperet)
512 2382 622 2451 puellas
640 2381 837 2452 interroganIt,
856 2381 905 2436 sed
924 2381 1024 2435 eodem
1041 2383 1137 2436 tamen
1155 2398 1266 2452 sereno,
1284 2398 1320 2437 no
1339 2381 1393 2437 sibi

213 2485 314 2526 seuero
329 2469 414 2524 nimis
428 2469 577 2540 inmitique
592 2472 626 2526 de
637 2471 776 2525 industria
789 2470 858 2525 illae
869 2470 959 2525 iratas
968 2473 1111 2540 negarent.
1136 2488 1202 2527 num
1212 2473 1242 2527 et
1252 2471 1391 2539 ‘quidem’

215 2559 291 2614 baud
322 2577 386 2616 raro
417 2564 469 2628 (ex.
496 2579 536 2630 gr.
563 2560 626 2614 Ter.
653 2560 738 2615 Andr.
765 2559 836 2631 prol.
857 2563 902 2628 11)
927 2559 1020 2615 omitti
1050 2560 1081 2613 et
1111 2560 1228 2615 ‘tamen’
1255 2560 1394 2630 praeponi

212 2651 309 2703 notum
334 2653 384 2705 est.
421 2649 488 2704 binc
510 2648 725 2704 tundamentum
750 2653 793 2705 est
816 2650 921 2704 iactum
941 2649 1122 2704 emendandis
1141 2648 1243 2704 litteris
1263 2648 1393 2723 ‘rauelte’⁸

214 2737 296 2792 mitto
315 2737 477 2807 explicandi
495 2739 654 2793 conamina:
682 2738 744 2807 quis
763 2739 922 2795 LMuellero
941 2739 1024 2792 fidem
1043 2738 1161 2794 habebIt
1180 2739 1209 2792 ‘a
1226 2739 1273 2794 uel
1291 2739 1332 2794 te'
1353 2741 1393 2795 sic

215 2827 360 2894 scribenti,
385 2828 418 2881 ut
441 2829 470 2882 ‘a
493 2829 532 2882 te’
554 2826 706 2882 cohaerens
725 2827 899 2883 discindatur
917 2828 967 2881 illo
988 2829 1071 2895 ‘uel',
1096 2828 1170 2896 quod
1190 2828 1394 2883 incredibiliter

213 2913 297 2983 plane
324 2915 360 2968 ad
386 2916 522 2986 pessimas
547 2915 656 2986 puellas
683 2919 793 2986 spectet
818 2916 903 2987 [ensl.
928 2918 987 2972 Cat.
1011 2936 1038 2986 p.
1062 2920 1127 2986 4er
1169 2933 1221 2973 nec
1243 2919 1394 2987 proficiunt

215 3004 392 3059 coniecturae
424 3005 571 3075 plurrmae.
618 3005 706 3060 ueluti
738 3007 866 3075 ineptum
894 3010 938 3060 est
964 3006 1041 3074 quod
1068 3005 1149 3062 uario
1177 3007 1261 3062 modo
1289 3007 1393 3063 inferre

214 3093 365 3149 studebant
387 3093 529 3148 auellendi
543 3082 686 3161 ¹uerbum;
710 3112 793 3165 porro
819 3096 965 3164 uulgatum
987 3097 1034 3150 ‘ah
1054 3097 1100 3152 uel
1119 3097 1159 3151 te’
1181 3095 1260 3164 (‘uel'
1282 3095 1393 3166 estqui

216 3181 339 3251 explicet
366 3183 477 3237 ‘ueluti’
504 3184 564 3237 sine
589 3183 721 3253 ‘exempli
743 3183 889 3254 gratia'l),
914 3185 1050 3256 scaligeri
1075 3185 1137 3240 ‘has
1156 3185 1203 3240 uel
1220 3185 1272 3254 te',
1290 3185 1393 3241 Presb-

216 3271 296 3325 liehii
313 3272 376 3326 ‘bas
390 3273 423 3326 nt
437 3273 488 3338 te’,
509 3272 614 3327 Handii
630 3273 671 3326 ‘at
684 3272 730 3327 uel
744 3273 784 3327 te’
801 3288 857 3326 non
875 3273 1029 3328 minoribus
1051 3277 1162 3330 scatent
1180 3273 1394 3343 offensionibus3

219 3361 420 3418 constructioni
446 3364 541 3417 eutem
565 3365 705 3432 repugnat
727 3362 834 3417 anhlii
857 3363 933 3431 [leet.
952 3382 979 3433 p.
994 3364 1042 3436 It]
1063 3365 1092 3418 ‘a
1114 3363 1194 3434 queis
1216 3365 1267 3431 te’,
1296 3363 1393 3432 Heysii

217 3451 333 3507 ‘Aulum
355 3453 411 3522 te',
435 3452 575 3507 Schwabii
600 3453 696 3507 ‘anons
720 3453 771 3507 te‘.
813 3469 982 3523 quamquam
1008 3453 1062 3508 hoo
1084 3454 1121 3522 ie,
1143 3470 1227 3522 quem
1250 3457 1394 3525 postremo

213 3539 276 3595 loco
297 3541 455 3610 nominaui,
474 3546 551 3598 recte
569 3542 725 3613 perspexit,
751 3543 839 3597 latere
863 3542 1043 3613 participium
1066 3544 1234 3613 praesentim
1259 3544 1333 3613 quod
1352 3543 1394 3599 in·

215 3631 353 3685 structum
377 3648 436 3686 esse
461 3632 562 3688 debere
586 3632 791 3702 significatione
815 3632 984 3702 aspiciendi,
1012 3635 1077 3703 post
1099 3649 1134 3688 ea
1156 3650 1229 3702 quae
1252 3632 1288 3688 de
1310 3649 1394 3688 uersu

215 3718 307 3788 priore
332 3718 477 3802 disputaui
496 3720 596 3778 elucet.
633 3721 701 3777 olim
720 3721 785 3777 dedi
805 3723 911 3778 ‘uirens
929 3723 985 3791 te',
1009 3726 1109 3793 postea
1127 3723 1254 3779 intellexi
1272 3723 1314 3779 sic
1331 3739 1394 3779 esse

213 3808 462 3877 redintegrandum
482 3811 576 3866 locum
596 3812 677 3880 ‘quas
696 3811 777 3866 uultu
795 3810 890 3881 uigili,
914 3815 1011 3896 tarmen
1029 3829 1142 3882 sereno,
1165 3813 1287 3868 lustrans
1305 3815 1334 3868 tc
1353 3811 1394 3868 sic

214 3913 275 3984 ipse
298 3915 485 3986 flagitabam'.
523 3922 669 3974 exaratum
693 3936 793 3989 nempe
812 3922 874 3974 erat
893 3903 961 3974 l'ras
979 3926 1004 3975 tc
1021 3922 1069 3992 ss'c,
1091 3924 1124 3974 nt
1142 3935 1226 3991 saepe
1244 3920 1274 3974 in
1292 3918 1394 3975 mediis

215 4022 327 4074 qnoque
345 4007 461 4062 uocibus
482 4007 537 4061 ‘us’
558 4025 608 4078 per
627 4007 769 4079 uirgulam
788 4007 930 4064 indicatur
948 4014 978 4065 et
997 4011 1063 4064 ‘tra’
1085 4009 1195 4079 syllaba
1208 4011 1247 4065 sic
1260 4011 1294 4064 nt
1306 4009 1393 4080 signi-

214 4095 297 4149 ficant
321 4095 510 4151 abbreniutnr.
552 4096 601 4152 sed
624 4097 643 4152 ᾶ
667 4097 737 4151 illud
762 4116 846 4167 snpra
870 4098 974 4154 lineam
997 4104 1098 4155 natans
1122 4118 1185 4154 cum
1208 4100 1237 4154 in
1260 4100 1323 4156 loco
1346 4099 1394 4155 ob·

215 4184 338 4239 scurinre
354 4190 418 4241 unte
433 4188 450 4241 l’
467 4186 601 4256 scriptum
617 4189 700 4254 esset,
719 4187 776 4240 iam
791 4185 863 4242 benc
877 4186 1033 4242 litterulam
1047 4188 1066 4242 Ρ
1081 4203 1131 4255 pro
1145 4190 1214 4243 noto
1228 4189 1395 4260 compendio

216 4273 333 4328 uoculae
363 4275 431 4329 ‘uel’
459 4291 592 4345 accepere
615 4276 854 4345 neglexeruntque
882 4275 1022 4330 elementa
1050 4291 1123 4328 nnnc
1151 4294 1234 4331 sensu
1259 4293 1338 4333 cassa
1362 4284 1394 4333 ts.

217 4359 310 4429 ‘quas'
336 4363 442 4431 pariter
465 4364 501 4417 ad
526 4365 670 4419 ‘lustrans’
692 4365 771 4434 (Aen.
791 4362 855 4417 VIII
879 4368 929 4416 152
948 4379 978 4418 os
997 4404 1003 4416 .
1024 4403 1030 4416 .
1050 4362 1183 4431 loquentes
1201 4407 1207 4418 .
1230 4406 1237 4418 .
1256 4366 1395 4422 lustrabat
