2940 4912
541 359 768 415 FRAGMENTA
787 359 907 415 V-Vll.
1245 362 1310 426 613

138 525 232 579 Plant
251 526 325 580 Pers.
346 524 384 578 lV
404 529 430 591 3,
449 528 466 577 4
485 523 528 577 nil
544 522 667 593 gestabit
684 523 717 577 de
734 538 791 578 meo
810 519 908 592 (etsie
927 522 973 578 ‘de
992 539 1055 591 suo,
1079 523 1185 591 nestro,
1203 523 1307 578 alieno’

135 614 287 682 dicebant).

207 712 242 768 V.
271 711 306 766 de
325 711 388 766 loco
407 710 536 766 Pliniana
555 711 596 765 nii
609 712 706 780 potest
720 711 839 768 decerni.
867 729 932 767 nam
949 712 1064 781 quiade
1078 712 1197 781 Vergilii
1211 713 1310 784 ecloga

140 803 240 857 octana
259 801 356 870 aperte
376 800 515 870 cogitauit
532 800 652 869 Plinius,
671 817 784 855 carmen
804 800 960 871 Vergiliani
984 801 1060 857 illius
1085 802 1131 855 uel
1150 799 1309 855 Theocritei

136 890 302 960 exemplaris
327 889 418 944 simile
441 888 631 959 composuisse
655 889 809 944 censendus
839 893 913 945 esset
936 890 1076 957 Catullus,
1099 888 1154 944 nisi
1176 889 1206 944 in
1229 893 1309 958 parte

135 978 230 1033 media
248 977 494 1048 (LXI-LXVIII)
517 977 658 1047 integrum
682 993 784 1046 poema
807 977 918 1047 longius
942 978 1001 1034 sine
1023 978 1089 1034 ullis
1113 982 1157 1033 sui
1179 976 1310 1047 uestigiis

137 1067 312 1122 intercidisse
331 1068 415 1136 plane
433 1066 610 1136 improbabile
629 1066 703 1122 foret
722 1071 819 1136 (snpra
837 1085 864 1136 p.
884 1071 936 1136 60),
965 1085 1021 1137 qna
1039 1068 1074 1122 de
1088 1084 1118 1122 re
1137 1084 1225 1137 nugas
1243 1084 1309 1121 neu·

137 1156 211 1210 didit
234 1157 337 1210 Bittius
366 1155 431 1210 libri
456 1155 522 1210 ‘das
545 1154 641 1210 antilre
665 1156 851 1210 Bucbwesen’
877 1174 903 1225 p.
923 1162 983 1211 404.
1026 1157 1074 1211 sed
1097 1155 1145 1210 nix
1168 1156 1309 1224 estquod

137 1261 355 1314 rememorem,
374 1244 436 1300 ialli
461 1262 508 1300 eos
532 1245 582 1313 qui
599 1245 649 1299 aut
668 1243 799 1299 carminis
813 1243 902 1299 LXIV
920 1263 1032 1300 uersum
1050 1245 1244 1300 intercalarem
1260 1248 1310 1300 aut

136 1336 207 1391 alios
230 1335 394 1404 nescioquas
422 1336 512 1390 nostri
539 1335 616 1390 locos
644 1335 698 1390 huc
726 1337 882 1390 traxerunt:
913 1336 984 1390 nihil
1013 1353 1108 1391 eornm
1136 1351 1199 1388 cum
1223 1332 1309 1388 Plinii

136 1425 228 1481 uerbis
246 1423 390 1480 conciliari
408 1427 509 1494 petest.
547 1441 717 1494 quamquam
739 1442 792 1480 nec
816 1426 856 1479 eis
881 1426 998 1496 accedo,
1022 1425 1070 1495 qui
1089 1424 1169 1480 Calui
1191 1426 1241 1479 aut
1260 1423 1309 1478 Oa·

137 1514 188 1568 tuli
208 1531 309 1570 nomen
332 1530 383 1583 pro
402 1512 560 1569 Catulliana
584 1512 787 1568 restituendum
812 1516 927 1584 putant3
951 1532 1016 1569 nam
1038 1530 1090 1568 nee
1113 1514 1147 1569 de
1167 1513 1211 1567 his
1229 1512 1309 1583 quid·

136 1621 220 1672 quarn
238 1605 355 1657 constat.
385 1603 514 1671 equidem
533 1602 562 1656 in
580 1620 610 1658 re
624 1604 708 1673 plane
723 1602 831 1657 incerta
844 1603 989 1659 lubentius
1010 1601 1183 1670 crediderim,
1203 1619 1310 1657 errasse

136 1691 257 1746 Plinium
276 1693 361 1747 etex.
376 1710 416 1762 gr.
437 1690 609 1762 exemplaria
629 1691 832 1746 describentem
851 1692 1011 1748 confudisse
1030 1691 1103 1746 inter
1119 1707 1148 1745 se
1164 1691 1309 1746 Valerium

137 1781 271 1836 Catonem
289 1783 319 1835 et
336 1779 480 1835 Valerium
500 1778 650 1834 Catullum.

207 1880 260 1937 Vl.
274 1879 343 1935 VII.
363 1877 514 1933 maximam
530 1880 679 1932 mouerunt
693 1875 760 1932 uiris
780 1877 870 1932 doctis
889 1877 1085 1946 offensionem,
1105 1879 1179 1947 quod
1199 1878 1310 1933 Catullo

136 1971 237 2039 poetae
261 1967 379 2023 attribui
402 1966 506 2021 librum
530 1967 670 2035 quendam
693 1983 778 2036 prosa
800 1967 926 2021 oratione
955 1967 990 2022 de
1017 1966 1084 2021 uino
1113 1968 1309 2036 conscriptum.

139 2058 188 2113 sed
207 2059 255 2126 qui
270 2057 360 2111 Seruii
379 2056 570 2111 testimoninm
585 2055 678 2110 sobrio
693 2073 756 2110 cum
772 2055 876 2110 iudicio
891 2056 1030 2126 perleget,
1050 2056 1120 2111 mibi
1137 2057 1311 2113 adsentiatur

137 2150 249 2216 oportet
271 2144 451 2215 statuenti*),
475 2144 504 2199 in
528 2143 651 2199 carmine
676 2146 797 2212 quodam
822 2145 987 2199 uix-mirari
1011 2145 1136 2215 potuisse
1160 2146 1310 2214 Catullum,

136 2253 185 2290 cnr
204 2234 274 2290 Cato
296 2232 441 2289 laudasset
462 2250 547 2288 unam
571 2232 747 2289 Rhaeticam.
785 2234 847 2288 erat
872 2235 966 2289 autem
986 2233 1114 2290 Valerius
1137 2239 1232 2291 noster
1250 2235 1309 2291 sine

137 2322 223 2379 dubio
243 2322 366 2393 optimus
386 2324 420 2377 de
439 2322 550 2392 patriae
569 2339 634 2376 snae
653 2322 727 2377 uinis
745 2322 828 2378 iudex
844 2321 1008 2393 (VHehnius
1027 2323 1091 2378 libri
1111 2323 1310 2396 ‘Kulturpflau-

136 2413 197 2467 zen’
219 2432 244 2482 p.
262 2417 310 2478 723
328 2409 435 2466 Plinius
455 2413 482 2467 h.
501 2429 528 2465 u.
547 2411 586 2464 lII
605 2416 640 2465 28
659 2410 827 2466 Rhosiorum
845 2412 1086 2482 etEaponcorum
1111 2413 1242 2484 Vcroao);
1261 2432 1309 2470 ne·
1385 2473 1387 2477 ,

136 2519 191 2571 que
214 2502 288 2556 idem
312 2501 336 2555 is
365 2501 440 2568 erat,
469 2500 518 2570 qui
544 2499 654 2570 patriae
678 2516 761 2555 caeco
785 2516 879 2555 amore
903 2500 1005 2556 maiam
1031 2518 1089 2555 rem
1114 2500 1309 2560 dissimularet.

136 2593 258 2646 ceterum
278 2590 306 2644 in
330 2589 403 2644 uinis
426 2591 523 2644 uotum
549 2591 592 2644 est
614 2589 724 2644 diuersa
747 2606 809 2644 esse
832 2590 977 2644 hominum
1001 2592 1112 2660 palata,
1135 2594 1167 2645 ut
1190 2591 1225 2645 de
1248 2593 1309 2662 ipso

136 2679 240 2735 indicio
259 2682 358 2749 poetae
382 2679 471 2734 nostri
496 2697 551 2734 uon
575 2678 612 2733 sit
635 2679 812 2733 certandum:
837 2678 901 2734 aliis
925 2677 992 2734 nina
1016 2681 1151 2737 Rhaetica
1173 2699 1229 2736 non
1253 2682 1309 2736 dis-

136 2769 267 2838 plicuisse
286 2770 428 2824 testantur
445 2768 500 2823 loci
520 2786 575 2823 non
594 2768 677 2838 pauci
696 2786 713 2823 a
732 2767 867 2840 RUngero
887 2769 922 2824 de
937 2768 1041 2839 Valgio
1059 2790 1086 2840 p.
1102 2776 1155 2825 290
1174 2770 1309 2841 congesti,

136 2858 281 2913 Strabonis
305 2876 332 2928 p.
352 2863 419 2923 206,
444 2858 526 2928 Verg.
546 2858 578 2913 G.
603 2856 628 2910 Il
652 2863 700 2924 96,
728 2857 800 2912 Plin.
825 2859 851 2912 h.
875 2877 902 2913 n.
926 2858 991 2913 XIV
1014 2865 1049 2914 25
1073 2862 1103 2914 et
1125 2867 1173 2928 67,
1196 2860 1309 2915 Sueten.

136 2948 208 3017 Aug.
229 2952 271 3002 ll.
313 2946 370 3001 iam
393 2948 446 3003 boe
470 2948 548 3002 certa
572 2946 788 3002 ratiocinatione
812 2947 957 3003 inuentum
980 2949 1063 3017 plane
1086 2951 1214 3004 firmatur
1237 2949 1308 3003 llar-

135 3034 212 3090 tialis
232 3036 293 3091 loco
313 3036 455 3106 adscripto
479 3037 508 3090 in
527 3037 583 3091 nol.
603 3036 628 3089 I:
654 3035 701 3089 uix
724 3036 773 3091 ille
797 3035 831 3090 de
855 3035 929 3091 uinis
948 3037 1092 3093 Rhaeticis
1116 3038 1255 3093 disserens
1274 3037 1309 3093 de

137 3126 223 3180 ‘terra
241 3125 356 3180 Catulli’
381 3126 492 3180 locutus
517 3126 602 3192 esset,
626 3125 680 3179 nisi
704 3124 786 3179 huius
810 3141 913 3181 nomen
937 3143 1000 3182 cum
1024 3127 1081 3182 illis
1104 3127 1199 3196 aliquo
1222 3128 1306 3182 modo

135 3213 310 3281 cohaereret,
329 3215 356 3270 h.
382 3232 405 3270 e.
429 3214 482 3269 nisi
502 3213 548 3268 hic
566 3214 602 3269 de
621 3215 661 3270 eis
685 3213 843 3286 scripsisset
862 3217 1035 3285 opusculum.
1073 3217 1109 3271 ad
1128 3218 1203 3286 quod
1223 3215 1308 3273 etiam

137 3302 271 3358 Varronis
290 3303 316 3359 d.
336 3304 354 3358 l.
374 3305 392 3358 l.
411 3304 450 3358 Vl
465 3310 481 3358 6
495 3304 589 3360 locum
602 3305 705 3359 referre
719 3322 836 3377 pronum
853 3307 905 3373 est,
924 3305 1027 3376 quippe
1042 3306 1087 3361 cni
1101 3307 1181 3361 nulla
1195 3305 1309 3363 omnino

135 3390 291 3446 similitudo
305 3393 464 3448 intercedat
478 3412 541 3448 cnrn
555 3395 645 3449 altere
662 3394 794 3449 Varronis
809 3393 835 3449 d.
853 3413 874 3449 r.
889 3413 909 3450 r.
926 3395 937 3446 l
952 3401 977 3462 2,
994 3401 1009 3449 5
1025 3395 1099 3450 loco:
1114 3414 1147 3450 ex
1161 3397 1311 3451 temeraria

135 3478 296 3536 coniectura
314 3497 348 3536 ex
363 3482 416 3538 hoc
430 3482 459 3535 in
472 3481 522 3536 illo
536 3481 692 3536 Pacuuium
708 3481 891 3537 restituerunt
904 3482 988 3537 docti.
1018 3483 1115 3553 putaui
1134 3501 1178 3538 me
1197 3485 1308 3539 laudern

135 3570 282 3640 meruisse,
311 3571 386 3640 quod
415 3569 537 3641 simplici
564 3570 795 3640 interpretatione
824 3588 889 3624 usus
918 3570 1014 3640 procul
1043 3570 1119 3626 arcui
1145 3572 1309 3628 arbitrariae

134 3658 290 3730 opiniones,
309 3660 411 3728 quibus
429 3661 575 3729 praeterea
593 3657 680 3728 priori
694 3658 784 3713 Seruii
799 3658 861 3713 loco
875 3659 915 3712 nil
930 3659 1000 3714 lucis
1015 3658 1174 3714 affunditur.
1212 3678 1308 3715 uerum

135 3747 210 3803 enim
236 3766 303 3805 uero
322 3750 422 3805 Petere
444 3748 635 3816 similibusque
654 3747 725 3802 nibil
744 3747 774 3800 in
793 3747 837 3802 his
855 3749 937 3802 rebus
957 3751 1001 3803 est
1019 3751 1139 3817 certnm,
1162 3747 1216 3803 nisi
1234 3751 1307 3818 qnod

134 3841 212 3894 certo
236 3840 280 3893 cst
303 3836 448 3893 traditum.
486 3841 515 3893 et
533 3834 673 3891 Catullum
692 3836 793 3891 librum
813 3836 967 3907 prosarium
987 3836 1143 3908 scripsisset
1180 3839 1308 3908 ignorare

205 4046 232 4113 ¹²)
252 4060 317 4100 ecce
335 4044 414 4098 uaria
433 4044 578 4099 doctorum
597 4043 627 4097 in
645 4061 675 4098 re
694 4044 728 4097 ad
748 4059 859 4097 sensum
878 4045 1011 4099 redeunte
1031 4043 1144 4099 iudicia.
1180 4043 1307 4099 Suessius

134 4124 195 4180 Cat.
215 4142 242 4194 p.
260 4131 291 4180 19
313 4123 380 4178 ‘und
400 4122 481 4179 darin
499 4125 550 4179 bat
569 4142 599 4179 er
617 4124 797 4180 entschieden
811 4123 914 4192 Recht,
934 4125 998 4179 dass
1013 4124 1059 4179 dic
1074 4124 1202 4180 Polemik
1217 4141 1308 4193 gegen

134 4202 205 4259 Cato
223 4223 276 4259 nur
294 4205 385 4259 eincm
405 4203 552 4259 Prosaiker
574 4205 750 4274 angeboeren
769 4204 871 4271 kann';
895 4206 925 4260 at
949 4207 1048 4259 contra
1066 4205 1108 4259 uir
1127 4202 1307 4259 doctissimus

134 4284 276 4340 HPeterus
298 4284 435 4339 Fleckeis.
454 4301 517 4340 ann.
539 4290 589 4338 115
612 4303 639 4354 p.
660 4291 711 4339 749
737 4284 805 4338 ‘nun
828 4286 894 4340 sebe
918 4285 963 4340 ich
988 4285 1054 4340 aber
1077 4303 1128 4354 gar
1151 4284 1230 4339 nicht
1252 4284 1308 4353 ein,

133 4363 272 4420 wessbalb
291 4363 361 4420 Cato
381 4407 405 4419 ..
425 4365 504 4419 nicht
526 4364 598 4419 auch
622 4364 650 4418 in
674 4365 763 4420 einem
783 4364 920 4421 Gedicbtc
943 4381 997 4420 von
1022 4364 1148 4422 Catullus
1172 4362 1305 4419 aurneel-

133 4443 273 4515 gewiesen
292 4445 352 4500 sein
370 4445 444 4501 soll’.
