2940 4912
219 311 263 376 90
729 315 768 368 lv
787 321 883 369 e-rr.

220 475 250 530 ll.
268 475 357 529 XXIll
372 482 424 530 229
440 479 510 545 sqq.)
526 475 663 531 ‘horrida'
680 476 810 543 uocatar;
830 475 896 530 Hor.
913 477 956 530 od.
972 476 1009 529 ΙΙΙ
1024 480 1067 543 24,
1082 480 1116 529 40
1134 475 1249 530 horrida
1262 490 1390 544 aequora.

218 564 325 633 priores
344 567 436 619 autern
457 564 579 620 editores
603 582 665 619 eum
687 563 890 634 ‘Propontida’
912 582 929 619 a
950 564 1128 619 ‘Thraciam’
1154 566 1331 634 separassent
1354 565 1391 618 ad

219 653 365 722 sequeutia
382 653 549 722 adicientes,
569 653 675 724 primus
694 655 888 709 Lachmannus
908 654 956 726 [ad
974 654 1055 724 Prop.
1075 672 1102 723 p.
1117 654 1182 724 253]
1202 652 1296 708 deleto
1316 671 1390 708 com-

219 746 293 796 mate
313 743 384 797 haec
403 743 459 798 tria
476 743 563 797 uerba
586 743 614 797 in
638 762 725 797 unum
744 743 899 798 membrum
924 743 1079 810 coniunxit,
1103 743 1148 798 cui
1166 743 1285 797 alterum
1304 742 1389 796 trium

218 832 366 885 uerborum
391 833 545 886 membrum
570 833 621 886 ‘tn
644 831 674 887 P.
699 832 737 886 s.'
767 832 901 887 concinne
927 836 1002 888 esset
1026 831 1187 902 oppositum
1212 834 1290 902 (uam
1316 832 1390 902 quod

217 923 363 991 praeterea
383 921 539 975 ‘Thraciae’
561 924 594 976 ut
612 922 703 992 magis
724 922 832 976 ‘suane’
854 921 1008 991 flagstnnit,
1026 920 1152 991 neglexit
1164 920 1236 976 illud
1252 921 1389 990 ‘lepidum

219 1027 321 1064 nouum
340 1009 478 1065 libellum’
500 1009 658 1080 similiaque
678 1011 753 1081 apud
772 1013 911 1077 nostrum
930 1012 965 1065 cf.
985 1012 1021 1066 ad
1039 1011 1126 1066 XLVI
1148 1013 1200 1080 11).
1234 1008 1312 1066 cuius
1331 1027 1389 1063 mu·

217 1099 333 1154 tationis
358 1117 470 1154 causam
498 1101 678 1170 praecipuam
702 1101 831 1170 equidem
860 1102 950 1156 habeo
975 1117 1049 1170 earn,
1075 1100 1150 1170 quod
1175 1100 1279 1154 nudum
1306 1099 1388 1153 ‘Pro-

218 1188 351 1258 pontida'
377 1207 432 1244 uon
456 1192 549 1258 potest
571 1189 687 1259 adiungi
710 1190 850 1260 prioribus
875 1190 934 1244 sine
958 1189 1073 1259 copula,
1099 1208 1155 1258 qua
1178 1189 1284 1243 nullum
1308 1187 1389 1241 colon

219 1280 309 1347 caret;
327 1296 383 1334 uon
402 1280 452 1332 aut
471 1296 541 1344 eam,
561 1279 636 1348 quod
654 1278 775 1333 Thracia
793 1279 968 1334 substantiae
988 1295 1043 1335 nou
1061 1280 1183 1350 ponatur
1200 1279 1273 1347 apud
1293 1280 1391 1347 poetas

218 1367 342 1437 (Lachm.
362 1368 399 1421 ad
418 1368 498 1422 Lucr.
519 1367 543 1420 V
563 1369 622 1437 30),
647 1367 691 1422 cui
710 1368 823 1437 regulae
846 1385 898 1422 nec
921 1367 994 1423 ratio
1017 1384 1068 1422 nec
1092 1368 1222 1438 exempla
1243 1368 1305 1434 (Ou.
1325 1368 1390 1421 met.

218 1459 256 1512 Vl
276 1461 338 1524 435)
359 1460 502 1525 constant,
521 1461 664 1524 anteum,
683 1459 757 1526 quod
777 1475 832 1512 non
851 1461 926 1512 terra
942 1456 1089 1513 continens
1103 1459 1185 1513 testis
1203 1456 1392 1526 nauigationis

220 1546 374 1601 adferenda
387 1545 424 1600 sit
439 1546 546 1615 (quidni
562 1547 636 1600 enim
656 1546 800 1600 horridum
816 1545 953 1601 Thraciae
973 1546 1040 1601 litus
1059 1547 1211 1616 significari
1229 1546 1392 1615 dicamns‘i).

220 1636 415 1705 ‘Propontida'
436 1636 465 1689 in
484 1635 540 1690 arsi
559 1640 691 1705 sequente
712 1636 772 1704 ‘tr',
792 1637 824 1689 ut
848 1652 912 1690 mox
933 1642 965 1691 18
986 1635 1170 1706 ‘impotentia
1188 1635 1289 1703 ireta’,
1309 1654 1392 1704 qnam

218 1725 363 1779 licentiam
391 1724 501 1795 saepius
527 1726 581 1780 sibi
612 1726 741 1796 indulget
768 1727 853 1795 poeta
877 1728 981 1780 noster.
1023 1728 1147 1780 ceterum
1172 1727 1277 1781 resedit
1302 1725 1393 1780 adhuc

219 1812 320 1867 uitium
340 1814 368 1867 in
386 1814 553 1883 nuperrimis
573 1815 756 1883 editionibus,
776 1815 893 1884 inques
915 1814 1088 1869 Lachmanni
1106 1812 1214 1869 inuexit
1232 1815 1393 1880 auctoritas,

220 1920 285 1957 cum
304 1903 467 1958 iamdudum
488 1907 564 1959 recte
582 1907 657 1960 esset
675 1908 821 1959 remotum.
859 1922 924 1959 uam
944 1905 1011 1959 licet
1028 1902 1099 1958 salso
1119 1903 1183 1958 Itali
1204 1903 1391 1958 ‘lihodumne'

220 1992 374 2047 scribentes
394 1993 583 2048 discinderent
606 1994 798 2062 cohaerentia,
821 2011 870 2048 suo
889 1996 984 2048 tamon
1003 1993 1063 2048 iure
1082 1993 1173 2047 cidem
1193 1993 1391 2047 ‘horridamue'

219 2083 416 2151 reposuerunt3
436 2080 505 2137 haec
524 2083 598 2136 enirn
622 2101 686 2152 pars
705 2084 791 2137 tertia
814 2099 877 2137 curn
901 2081 1040 2152 prioribus
1061 2081 1184 2149 (omissis
1203 2081 1244 2136 eis
1262 2097 1333 2150 quae
1352 2082 1393 2135 in-

218 2171 364 2241 teriacent)
389 2170 503 2227 minime
527 2172 678 2227 cohaerens
704 2173 800 2242 utique
823 2189 874 2242 per
897 2171 1065 2242 particulam
1089 2169 1288 2225 disiunctiuam
1314 2189 1392 2241 sepa·

218 2261 308 2315 randa
321 2263 391 2329 erat,
404 2263 436 2315 ut
447 2278 557 2332 semper
567 2261 612 2316 hic
623 2261 655 2315 fit
668 2261 697 2316 in
713 2261 793 2316 nouis
807 2262 947 2331 partibus;
965 2276 1055 2329 neque
1070 2259 1232 2329 symmetria
1246 2260 1393 2328 quaedam,

219 2368 302 2419 quam
322 2351 538 2420 deprehendisse
562 2352 616 2405 sibi
642 2352 823 2418 uidebuntur,
846 2351 944 2407 adesse
968 2349 1082 2404 omnino
1104 2350 1198 2419 potest
1219 2353 1393 2420 repugnante

220 2440 367 2495 sententia.
405 2440 434 2494 in
454 2441 625 2509 Propontida
644 2444 728 2495 uecta
753 2443 814 2495 erat
832 2440 963 2494 nauicula
982 2456 1032 2509 per
1049 2438 1203 2508 Bosporum
1223 2456 1255 2494 ex
1275 2439 1393 2495 Pontico

219 2529 281 2583 sinu
308 2530 380 2597 siue,
407 2531 437 2583 ut
461 2530 546 2600 uulgo
568 2534 699 2598 uocatur,
725 2532 816 2585 Ponto
839 2528 960 2598 Euxino,
987 2529 1036 2598 qni
1059 2529 1096 2584 ob
1119 2527 1240 2584 ferocem
1263 2531 1392 2582 naturam

221 2634 300 2672 suam
321 2620 406 2672 ‘trux'
428 2620 488 2674 siue
507 2615 608 2685 ἄξενος
626 2621 719 2687 audit,
739 2623 771 2674 ut
787 2621 881 2675 Histri
899 2627 987 2675 truces
1004 2622 1095 2676 undae
1114 2621 1314 2674 commemorat
1329 2618 1392 2671 Seu.

219 2707 291 2762 Med.
313 2712 364 2761 764
381 2708 457 2774 (Hor.
474 2709 634 2774 od.13,10
653 2712 726 2765 truci
743 2712 858 2778 pelago).
879 2742 912 2751 -
933 2710 979 2766 li).
999 2709 1051 2764 nbi
1070 2709 1130 2764 late
1147 2708 1219 2778 post
1236 2705 1392 2776 phasellus

220 2797 309 2850 antea
332 2795 393 2850 fult
419 2799 537 2852 comata
561 2798 650 2852 silua.
689 2798 793 2854 omisso
812 2799 953 2854 adiectiuo
974 2800 1018 2854 nel
1037 2798 1187 2869 participio
1206 2790 1259 2866 ὑφ’
1281 2794 1312 2850 ἓν
1331 2796 1392 2850 inn-

219 2886 294 2954 gitur
314 2887 390 2954 ‘post
408 2885 574 2954 phasellus,
594 2887 618 2941 is
638 2887 686 2955 qui
704 2892 803 2958 postca
822 2888 911 2943 iactus
931 2891 975 2943 est
994 2889 1054 2959 pb.;
1075 2890 1106 2943 ut
1123 2887 1211 2943 habet
1225 2887 1308 2956 Verg.
1324 2889 1392 2941 hen.

218 2976 229 3028 Ι
256 2980 306 3030 198
330 2976 424 3045 ignari
446 2992 539 3030 sumas
563 2982 626 3031 ante
648 2979 794 3043 malorum,
823 2977 913 3033 Tacit.
936 2978 1002 3047 Agr.
1029 2983 1061 3031 10
1084 2978 1171 3032 nullis
1193 2982 1289 3032 contra
1312 2977 1393 3030 terres

221 3064 316 3132 (plura
335 3065 384 3117 dat
402 3064 566 3118 Knehuerus
581 3083 622 3133 gr.
638 3067 655 3119 l.
672 3065 696 3118 ΙΙ
711 3085 737 3135 p.
754 3072 812 3132 165,
832 3066 987 3135 Draegerus
1007 3068 1079 3136 synt.
1095 3066 1159 3120 hist.
1174 3066 1186 3118 1
1201 3072 1216 3131 ς
1232 3069 1284 3130 79).
1319 3064 1390 3118 ‘ubi’

219 3151 253 3206 dc
278 3153 359 3208 litore
384 3152 516 3222 intellege
534 3153 617 3208 Ponti
635 3153 750 3222 Eurini;
776 3155 934 3209 accuratius
961 3172 1025 3210 mox
1050 3155 1127 3210 locus
1151 3155 1322 3224 designatur.
1359 3171 1393 3208 ex

219 3242 408 3311 compluribus
428 3260 598 3311 quamquam
617 3244 762 3299 arboribus
777 3247 925 3313 compacta
939 3245 1019 3300 nauis
1033 3246 1128 3298 tamen
1143 3243 1266 3299 carinam
1281 3243 1393 3313 potissi·

220 3350 298 3386 mum
318 3331 469 3402 respiciens
492 3350 557 3387 uere
581 3350 610 3387 se
635 3333 702 3387 olim
726 3333 853 3388 arborem
879 3334 962 3388 luisse
986 3332 1081 3387 iactat.
1119 3349 1184 3387 narn
1205 3331 1309 3387 ‘silua’
1331 3349 1395 3386 rara

220 3421 333 3476 omniuo
352 3421 556 3492 significatione
575 3424 609 3476 de
629 3421 801 3489 naualique
820 3423 917 3477 arbore
936 3425 980 3478 est
997 3421 1204 3490 accipiendum
1231 3421 1309 3475 cuius
1328 3437 1394 3475 usus

220 3513 306 3565 testes
328 3511 415 3566 habes
440 3511 511 3566 Stat.
531 3511 618 3565 Theb.
638 3510 676 3565 Vl
695 3516 747 3565 259
772 3513 846 3580 (281)
873 3512 970 3580 refugo
992 3512 1068 3565 silua
1090 3512 1120 3565 et
1138 3511 1219 3564 Mart.
1238 3508 1277 3562 xl
1296 3514 1343 3576 41,
1363 3515 1392 3575 3;

219 3601 329 3670 saepius
348 3599 465 3670 pluralis
486 3600 597 3655 ‘siluae’
618 3600 774 3669 complures
798 3599 921 3670 singulas
940 3599 1053 3653 arbores
1073 3599 1180 3653 iudicat
1198 3600 1241 3668 (ut
1259 3597 1326 3653 Hor.
1347 3599 1392 3653 od.

222 3689 233 3742 Ι
256 3695 296 3755 11,
316 3695 332 3742 9
357 3692 386 3743 et
403 3689 485 3759 epist.
505 3689 529 3742 ΙΙ
548 3695 573 3756 2,
592 3693 645 3756 45).
685 3689 837 3756 ‘comata’‚
857 3689 1000 3754 frondosa,
1020 3690 1052 3741 ut
1070 3688 1136 3743 Hor.
1156 3687 1199 3741 od.
1220 3688 1231 3741 1
1251 3694 1295 3756 11,
1314 3693 1330 3741 5
1349 3706 1393 3743 nc-

222 3796 326 3832 rncram
345 3794 420 3834 coma
443 3778 538 3845 ibique
557 3777 709 3833 Lambinus
729 3777 774 3846 (cf.
795 3782 824 3831 et
845 3777 992 3831 ‘crinitur’
1018 3795 1081 3832 curu
1105 3777 1204 3832 eadem
1227 3777 1395 3848 metaphora

222 3867 328 3921 dictum
349 3868 418 3922 Stat.
439 3866 500 3921 silu.
521 3866 558 3920 IV
579 3874 603 3932 5,
625 3871 677 3936 10).
716 3866 801 3920 ‘iate’
823 3867 975 3921 secundum
995 3869 1123 3920 naturam
1149 3883 1227 3921 snam
1247 3867 1395 3929 δεικτικῶς

220 3956 422 4027 accipiendum.
438 3987 471 3996 -
492 3956 543 4019 ll,
562 3957 609 4011 12.
630 3971 697 4011 unm
714 3956 837 4025 orsorio
857 3956 889 4010 tn
908 3956 979 4023 lugo
998 3956 1143 4023 loquente
1162 3969 1251 4025 saepe
1269 3955 1393 4011 sibilum

219 4045 317 4103 edidit
338 4058 432 4100 coma.
470 4043 681 4114 Paphlagoniae
706 4048 815 4099 montes
838 4036 881 4099 illi
906 4045 941 4098 ob
966 4045 1106 4113 lignorum
1130 4043 1306 4113 maximeque
1324 4045 1393 4099 buxi

221 4137 332 4207 copiam
351 4135 496 4201 inlustres,
520 4135 568 4202 qui
587 4135 622 4188 ab
642 4136 710 4188 urbe
730 4135 833 4204 Cytoro
851 4137 1020 4204 acceperunt
1042 4150 1157 4200 nomeu,
1180 4136 1348 4203 procurrunt
1366 4134 1396 4189 iu

219 4243 296 4281 mare
315 4223 461 4279 Euxinum.
490 4223 565 4291 (quod
585 4223 608 4279 V
626 4224 713 4278 habet
732 4223 881 4290 ‘citeorio’‚
901 4224 930 4277 id
949 4240 982 4277 ex
1002 4226 1161 4277 correctura
1180 4226 1272 4277 ortum
1289 4226 1332 4278 est
1352 4223 1392 4279 ‘o'

218 4315 310 4385 priore
330 4330 414 4384 supra
434 4314 471 4367 ‘e’
493 4313 584 4383 posita
602 4316 643 4381 (ut
661 4311 765 4382 legitur
783 4314 878 4367 statim
899 4312 1031 4367 ‘citheri'
1053 4312 1081 4365 in
1102 4311 1142 4380 V).
1183 4312 1332 4380 ‘loquens'
1353 4312 1395 4367 di-

222 4403 294 4458 eitur
312 4405 389 4459 irons
408 4402 514 4458 arboris
533 4404 680 4458 uentorum
699 4406 777 4457 motu
798 4419 942 4457 susurrans
958 4400 1003 4471 (cf.
1018 4404 1131 4470 praeter
1144 4401 1228 4471 Verg.
1244 4402 1294 4456 ecl.
1310 4408 1336 4469 8,
1351 4407 1394 4470 22,
