2940 4912
144 306 186 371 38
585 302 872 359 PROLIIGOMENA.

143 476 229 535 belus
253 474 418 550 anquisiuit
441 466 525 554 (LV)
554 472 720 550 cocinitque
743 472 860 533 faustos
884 472 1023 549 Septimii
1046 474 1134 534 amici
1157 477 1189 534 et
1211 475 1323 537 Acmea

143 592 261 633 amores
276 565 387 653 (XLV)
402 571 589 648 miratusque
608 575 657 632 est
674 589 791 630 morum
811 570 1058 646 deprauationem
1072 571 1103 630 in
1122 572 1187 631 dies
1200 575 1324 632 auctam

147 662 276 753 (CXIII)
296 670 540 747 praedicauitqne
561 668 673 730 Cinnae
693 688 764 729 suae
784 670 944 746 Zmyrnam
960 661 1083 751 (XCV);
1102 673 1175 730 tuno
1193 671 1324 748 denique

144 769 250 829 incidit
275 769 308 828 in
334 786 444 829 nouom
472 788 600 847 eumque
629 772 679 829 sat
707 787 805 828 aorem
828 767 914 844 pueri
937 767 1010 827 belli
1033 786 1178 846 amorem,
1203 769 1323 848 dequo

144 885 241 943 pauca
263 866 358 926 uerba
380 867 489 927 faciam
512 869 641 944 oportet

234 965 344 1025 Romae
368 970 432 1025 tum
455 967 636 1028 uersabatur
658 984 733 1042 puer
760 964 910 1024 formosus
939 983 975 1024 ex
997 965 1091 1024 nobili
1113 965 1324 1027 quentiorum

145 1061 261 1123 familia
283 1065 367 1121 ortus
390 1057 504 1141 (XXIV
529 1056 563 1145 1)
587 1065 619 1123 in
641 1065 729 1124 domo
751 1063 869 1123 Aurelii
892 1063 1061 1140 cuiusdam,
1084 1065 1168 1124 ouius
1191 1065 1324 1142 bospItio

145 1161 290 1223 utebatur
313 1161 418 1221 eodem
440 1165 577 1239 tempore
600 1162 692 1222 etiam
714 1161 825 1220 Furius
849 1161 1035 1221 Pisaurensis
1060 1153 1199 1243 (LXXXI
1219 1155 1324 1243 deq).

146 1260 259 1322 exarsit
276 1260 306 1318 iu
326 1260 467 1319 quentio
486 1259 623 1321 Catullus
643 1260 767 1335 eiusque
788 1258 897 1318 ocellos
921 1258 1039 1317 basiare
1062 1259 1184 1334 cupiens
1203 1259 1326 1336 scripsit

146 1357 312 1418 uersiculos
330 1357 412 1431 illos,
431 1357 481 1435 qui
500 1358 662 1434 pristinum
683 1357 847 1417 carminum
866 1356 903 1415 ad
920 1355 1061 1416 Lesbiam
1081 1356 1219 1417 datorum
1238 1358 1326 1418 ardo·

146 1476 210 1518 rem
234 1456 352 1533 spirant
375 1448 541 1538 (XLVIII).
584 1456 789 1516 aduersarium
813 1454 962 1529 repulsuri
984 1452 1127 1513 Aurelius
1151 1458 1183 1514 et
1204 1455 1324 1533 Furius,

147 1573 273 1633 quornm
296 1554 345 1614 hic
368 1554 481 1630 etipse
500 1555 604 1614 dilexit
622 1573 762 1630 puerum,
785 1553 854 1612 huic
873 1555 1046 1628 suspectum
1064 1552 1231 1612 reddebant
1252 1572 1322 1629 poe·

147 1658 210 1713 tam
239 1651 373 1711 nocendo
400 1650 564 1711 identidem
591 1671 699 1729 parum
726 1651 876 1728 pudicum.
922 1668 996 1726 quos
1024 1650 1108 1710 dolos
1137 1650 1269 1711 sentiens
1292 1655 1325 1712 et

147 1752 180 1811 iu
202 1752 278 1811 iram
301 1749 505 1810 inflammatus
525 1749 664 1811 Catullus
686 1748 855 1809 hominibus
874 1749 989 1825 perosis
1009 1747 1170 1825 respondet
1192 1749 1325 1810 carmine

149 1849 281 1910 omnium
302 1847 494 1907 acerbissimo
512 1849 598 1926 XVI3
623 1847 771 1923 simulque
789 1848 960 1922 Aurelium,
979 1847 1009 1906 in
1028 1847 1113 1906 ouius
1135 1846 1236 1906 tutela
1256 1850 1325 1907 erat

149 1967 238 2026 puer,
262 1966 300 2006 ne
319 1946 397 2006 bunc
416 1948 548 2024 attingat
565 1948 714 2024 impudice
734 1947 874 2006 admonet
893 1935 987 2026 (XV).
1000 1998 1008 2010 ,
1019 1945 1121 2020 itaque
1139 1964 1229 2021 quem
1247 1946 1326 2005 olam

148 2047 325 2124 impugnare
348 2063 408 2104 non
432 2046 604 2124 ualuerant,
628 2045 777 2104 amicitiae
800 2043 899 2120 specie
919 2043 966 2102 usi
984 2043 1028 2101 illi
1047 2042 1211 2102 studebant
1229 2061 1325 2104 remo·

149 2161 234 2219 uera,
257 2142 478 2203 reconciliatori
501 2148 622 2220 poetam
643 2163 711 2203 cum
729 2142 840 2202 LesbIa
859 2134 950 2223 (quae
969 2158 1030 2200 una
1047 2159 1095 2200 res
1115 2141 1227 2202 Romae
1245 2142 1325 2202 huno

150 2262 281 2304 amorem
300 2243 398 2302 locum
416 2241 558 2303 habuisse
577 2234 737 2322 ostendit):
761 2241 907 2301 bonorum
925 2240 1053 2299 istorum
1071 2236 1236 2299 amicorum
1256 2258 1325 2317 ope

149 2362 214 2403 ram
238 2341 269 2400 in
292 2341 368 2401 hano
390 2339 661 2401 reconciliationem
686 2340 865 2417 promissam
883 2338 928 2397 ita
950 2341 985 2397 ut
1006 2338 1114 2397 fortias
1133 2338 1253 2399 omnino
1276 2357 1326 2399 ne·

150 2440 250 2517 quiret
267 2439 420 2500 recusauit
438 2442 540 2500 noster
558 2439 687 2499 carmine
701 2438 758 2516 XI,
777 2437 857 2515 quod
871 2439 988 2496 aestate
1001 2436 1051 2495 nel
1065 2435 1165 2511 potins
1179 2439 1325 2497 autunum

151 2557 176 2600 a
196 2541 238 2600 55
263 2542 310 2599 est
329 2540 486 2616 scripturn,
509 2557 577 2597 cum
600 2537 712 2597 Romae
736 2535 837 2596 Crassi
860 2536 1005 2594 aduersus
1029 2534 1174 2594 orientem
1199 2539 1230 2594 et
1252 2533 1325 2595 Cas·

150 2636 227 2697 saris
259 2637 404 2697 aduersus
437 2635 599 2697 Britannos
636 2635 841 2712 expeditiones
874 2632 1007 2693 omnium
1038 2631 1327 2693 circumferebantur

151 2735 346 2795 sermonibus.
398 2733 488 2793 Furio
517 2737 632 2810 autem,
659 2734 711 2809 qui
738 2732 828 2792 amici
856 2731 985 2807 speciem
1013 2730 1170 2790 maumam
1196 2749 1326 2807 pergens

151 2837 256 2893 mutua
279 2835 317 2893 ab
341 2851 374 2892 eo
398 2836 561 2909 rogauerat
584 2837 703 2891 centum
723 2830 877 2908 sestertia,
899 2849 959 2890 non
983 2829 1080 2889 solum
1098 2828 1172 2888 haec
1194 2828 1326 2905 denegat

151 2931 333 2992 carminibus
357 2932 551 2991 saenissunae
575 2930 726 2990 iurisiunis
745 2924 842 3006 plenis
861 2927 962 2987 XXIII
981 2932 1012 2987 et
1029 2921 1142 3001 XXVI,
1161 2925 1325 2986 sedetiam

151 3030 248 3090 eidem
271 3034 427 3107 perspecto
450 3048 519 3090 mox
542 3029 707 3088 obsistendi
732 3048 750 3088 a
773 3028 911 3088 quentio
940 3022 1038 3105 (XXI,
1069 3024 1121 3085 ubi
1148 3045 1176 3083 u.
1203 3016 1325 3106 comm.)

151 3129 314 3206 Itidemque
338 3127 406 3188 huic
429 3128 487 3204 ipsi
510 3125 668 3187 abdicandi
691 3127 815 3186 Furium
840 3118 967 3208 (XXIV)
989 3123 1093 3184 existIt
1115 3126 1227 3182 auctor.
1273 3122 1327 3182 sed

152 3225 298 3306 quidquid
331 3227 459 3300 monuit,
491 3226 613 3285 Furium
647 3225 748 3301 potius
780 3225 906 3302 diligere
938 3222 1036 3298 coepIt
1066 3239 1142 3297 puer
1171 3212 1326 3302 (LXXXI)

153 3345 244 3404 quam
264 3325 431 3399 Catullum,
450 3325 501 3403 qui
519 3325 658 3402 potiundi
681 3342 716 3385 eo
735 3326 874 3384 coneum
897 3321 1021 3381 iantum
1045 3336 1110 3379 esse
1134 3318 1239 3378 uidens
1263 3321 1328 3378 tan·

153 3428 220 3488 dem
244 3425 363 3487 destitIt
387 3419 518 3505 (XCIX).

243 3523 406 3584 Grauiores
435 3525 525 3584 etiam
554 3522 633 3581 rixas
662 3525 751 3598 poeta
774 3520 923 3580 Veronam
950 3534 1090 3576 reuersus
1112 3514 1208 3592 gessit
1229 3513 1328 3575 LIame

155 3624 224 3684 amri
256 3619 359 3698 dtsdl.
412 3642 470 3698 quo
499 3625 634 3697 tempore
663 3620 695 3680 C.
719 3619 813 3678 Iulius
842 3616 963 3689 Caesar,
991 3617 1026 3671 ut
1053 3614 1171 3673 solebat
1197 3612 1328 3674 hiemem

154 3723 265 3798 degere
289 3725 319 3778 in
339 3720 507 3796 prouincia,
527 3720 663 3778 Veronae
682 3717 810 3793 hospitio
827 3712 921 3790 patris
941 3708 1053 3768 Catulli
1073 3728 1143 3769 usus
1162 3702 1215 3790 (oi.
1232 3703 1328 3792 infra)

154 3820 334 3878 uersabatur
358 3837 424 3876 cum
453 3836 562 3893 niagno
590 3817 734 3877 comitatu
762 3814 893 3872 uirorum
920 3807 1108 3877 militarium,
1138 3807 1189 3883 qui
1216 3808 1329 3884 gaudia

155 3922 186 3977 et
209 3916 429 3977 oblectamenta
452 3915 484 3973 in
507 3914 614 3974 eastris
638 3914 688 3972 diu
712 3909 882 3972 intermissa
904 3902 1066 3979 captabant
1088 3903 1176 3962 auide
1200 3909 1235 3964 ut
1258 3905 1328 3966 aliis

154 4017 186 4075 in
210 4016 300 4075 rebus
325 4014 368 4072 ila
395 4014 424 4072 in
454 4013 606 4072 amoribus
630 4010 792 4072 sectandis:
815 4004 915 4064 Venus
942 4016 1033 4076 quam
1061 4003 1141 4058 esset
1168 4002 1330 4065 coniuncta

156 4115 262 4189 Marti,
287 4116 352 4171 turn
377 4112 445 4173 boni
465 4112 653 4171 Veronenses
676 4103 910 4170 admirabantur,
934 4095 1063 4154 iuniores
1087 4096 1179 4155 etiam
1203 4099 1328 4177 indIgne

157 4213 295 4271 forebant
314 4212 351 4272 ob
371 4216 489 4286 ereptas
510 4209 565 4269 sibi
586 4210 708 4280 amicas,
726 4220 799 4281 quas
816 4193 919 4276 pretiiss
938 4191 1110 4250 enormibus
1129 4192 1217 4270 larga
1236 4215 1326 4257 manu

156 4309 235 4368 <latis
255 4310 342 4368 facile
361 4309 419 4369 sibi
438 4310 651 4385 comparabant
665 4296 835 4365 Caesariani
847 4288 957 4370 praeda
970 4286 1141 4363 diuitiisque
1157 4292 1328 4356 affluentes.

155 4424 222 4468 cum
247 4407 352 4466 borum
377 4407 478 4483 aliquo
502 4407 653 4466 oontentIo
676 4397 863 4463 cremebatur
884 4384 1001 4447 Catullo
1029 4382 1066 4442 de
1091 4384 1229 4449 Ameana
1250 4413 1326 4469 qua-
