2940 4912
552 333 838 392 raouuconum.
1239 343 1280 407 31

114 523 189 563 :reru
218 524 378 580 poeseos
405 509 440 564 et
463 523 570 565 uersus
592 503 721 562 faciendi
744 508 840 565 artem
860 508 916 567 hoo
934 509 1053 568 nomine
1071 510 1102 568 in
1122 509 1176 569 illa
1195 530 1279 586 prae-

114 622 171 664 uia.
204 622 328 680 neque
355 602 540 676 miraberis,
563 601 619 660 hac
641 604 707 660 arte
730 605 794 661 turn
815 604 997 664 instructam
1021 606 1114 666 fuisse
1138 607 1281 667 feminam

114 720 249 778 uanam,
279 701 315 762 si
342 701 523 761 recorderis
547 702 600 758 aut
618 697 811 774 Semproniae
831 701 1033 762 Sallustianae
1056 708 1109 764 aut
1133 704 1281 782 Cynthiae
1333 692 1335 696 ⁸

114 799 312 873 ipertianae.
345 802 385 858 et
400 800 505 874 potest
519 817 555 856 ex
569 797 703 856 fontibus
719 800 847 859 uetustis
862 801 999 860 hausisse
1014 800 1154 862 Sidonius
1168 803 1282 879 Apolli-

114 897 144 956 is
167 897 253 957 haec
282 897 439 956 scribens
464 899 552 972 epist.
570 894 600 953 ΙΙ
626 897 666 954 10
691 893 778 954 Sirm.
804 894 860 972 [=
884 897 914 956 II
941 901 981 958 14
1005 919 1033 975 p.
1050 902 1113 959 238
1128 897 1211 976 Bau]
1236 921 1280 960 re-

114 998 221 1054 siscere
252 996 348 1070 quod
379 1012 471 1069 saepe
502 1011 619 1053 uersum
647 992 777 1053 Corinna
805 1013 870 1054 arm
897 1014 948 1055 suo
976 998 1095 1058 Nasone
1121 1002 1280 1074 compleuit,

114 1095 176 1151 dia
201 1111 280 1152 cum
306 1091 452 1160 Catullo,
476 1090 637 1151 Caesmuia
660 1109 726 1149 mm
746 1090 908 1160 Gaetulico,
931 1093 1110 1168 Arpeuiariu
1134 1116 1198 1155 cum
1217 1098 1280 1157 Lu-

114 1209 156 1257 ro,
175 1190 324 1266 Cynthia
346 1210 420 1250 mim
438 1190 601 1264 hepartio,
621 1188 709 1247 Delia
727 1207 792 1248 uim
808 1190 928 1250 Tibullo.
959 1191 1038 1267 quod
1059 1196 1093 1252 ut
1111 1194 1151 1253 sit
1169 1193 1279 1271 fiotum,

114 1309 174 1348 nen
201 1309 272 1350 non
306 1289 383 1348 sine
414 1289 530 1348 ratione
558 1286 698 1346 Lesbiam
727 1287 890 1346 uocitatum
914 1306 980 1347 osae
1004 1286 1279 1367 catulliacum,

114 1407 196 1447 meu
214 1389 262 1447 LI
285 1408 330 1448 ex
352 1387 498 1463 Sapphus
522 1386 576 1445 ode
600 1384 729 1462 quadam
749 1403 925 1445 conuersum
945 1387 1055 1462 aperit:
1079 1392 1159 1447 certe
1178 1407 1278 1448 amore

114 1486 204 1545 tabiae
227 1486 385 1562 poetriae
409 1484 465 1543 illa
486 1483 635 1559 flagrauit.

166 1583 257 1654 Quae
282 1583 412 1644 femina
434 1581 491 1641 sub
510 1580 578 1640 ficto
600 1579 656 1639 hoo
678 1581 797 1640 nomine
815 1581 918 1654 lateat,
941 1578 1028 1640 docet
1046 1581 1202 1660 Apuleius,
1226 1584 1277 1659 qui

114 1682 177 1741 nile
190 1683 320 1741 crimen
337 1680 379 1738 ah
394 1677 620 1739 accusatoribus
635 1677 783 1738 obiectum
798 1678 841 1739 sic
856 1678 943 1736 diluit
961 1680 1038 1755 apol.
1050 1681 1092 1739 10
1106 1676 1146 1755 [p.
1158 1682 1198 1740 15
1211 1679 1277 1757 Ka]

114 1780 178 1838 den
202 1782 304 1853 ipitur
329 1795 425 1852 opero
447 1781 579 1836 mouent
602 1773 634 1834 C.
658 1775 814 1844 Catullum,
838 1778 914 1850 quod
936 1777 1073 1837 Lesbiam
1091 1795 1149 1852 pro
1174 1778 1278 1839 Clodia

114 1880 260 1943 Marri,
297 1881 327 1934 ei
359 1874 494 1933 Ticidam
523 1874 667 1941 simililer,
698 1875 774 1947 quoa
800 1891 874 1948 quae
900 1875 1020 1934 Metella
1048 1880 1111 1934 erat
1136 1876 1277 1936 Perillam

114 1976 247 2047 ,π’φεσιῗι,
275 1978 305 2031 et
328 1972 531 2046 Propertium,
554 1973 604 2043 qui
624 1970 777 2045 Cynthium
800 1972 878 2031 duat
896 1973 1032 2031 Hostiam
1055 1974 1227 2041 dissimulet,
1252 1980 1278 2034 el

114 2070 250 2139 Mam,
277 2072 361 2146 quod
386 2072 468 2129 cisil
485 2070 595 2128 Plan-ia
612 2072 644 2127 iu
663 2072 774 2137 animo,
793 2070 881 2128 Delia
899 2072 931 2128 iu
949 2087 1044 2130 uersu
1080 2071 1156 2130 hanc
1175 2075 1277 2131 autern

114 2170 223 2229 lidum
253 2189 331 2229 cum
360 2167 413 2226 alii
441 2167 581 2226 libertam
609 2166 741 2243 aliquam
769 2168 818 2225 uel
847 2185 979 2244 seruam,
1010 2168 1114 2244 utique
1143 2171 1276 2228 meretri·

114 2267 200 2342 dm,
226 2286 302 2326 esse
333 2268 479 2341 putarent
506 2265 594 2341 plane
622 2264 865 2342 inprobabiliter,
898 2269 933 2323 ut
959 2265 1019 2324 iam
1048 2285 1140 2342 supra
1167 2268 1277 2344 monui,

114 2373 194 2424 ostra
216 2366 275 2424 alii
300 2366 419 2423 certam
443 2362 593 2438 quandam
616 2362 758 2420 feminam
781 2362 912 2421 nobilem
939 2367 970 2422 et
993 2383 1029 2422 ex
1052 2363 1179 2423 historia
1202 2368 1276 2423 tem·

114 2464 171 2521 ioris
199 2463 289 2522 illius
318 2461 399 2520 bene
426 2463 528 2519 notam
556 2459 771 2536 agnoscebant3
799 2464 829 2518 et
856 2464 1014 2536 postquam
1042 2462 1113 2522 olim
1140 2462 1276 2522 Muretus

114 2558 237 2619 lhntius
264 2557 448 2617 PVictorius
479 2553 555 2631 [uar.
579 2557 662 2616 lectt.
685 2555 756 2614 XVI
782 2553 813 2632 1]
843 2557 932 2631 primi
959 2576 1023 2616 rem
1050 2564 1275 2635 perspexerunt,

114 2663 194 2717 mue
222 2657 353 2717 saeculo
381 2658 542 2731 praeeunte
571 2653 746 2713 breuissime
774 2653 906 2730 Hauptio
936 2653 1048 2731 [opusc.
1073 2655 1088 2713 Ι
1112 2676 1139 2731 p.
1161 2654 1215 2732 80]
1247 2663 1277 2716 et

114 2756 262 2813 promtius
299 2753 523 2830 inquirentibus
556 2751 695 2828 Helhigio
729 2752 947 2828 lungulauaeno
981 2753 1135 2813 Schwahio
1168 2748 1214 2835 (q.
1244 2754 1274 2815 C.

114 2876 127 2910 i.
143 2858 182 2913 53
198 2847 281 2934 sqq.)
311 2853 441 2927 aliisque
470 2851 603 2928 plerique
632 2868 734 2909 omnes
763 2851 792 2907 in
821 2850 876 2909 hoc
906 2852 1106 2925 consentiunt,
1136 2852 1276 2912 Lesbiam

115 2952 208 3011 farelli
233 2952 331 3011 luisse
357 2950 491 3008 Clodiam
520 2951 610 3009 istam
633 2947 890 3024 quadrantariam,
914 2968 948 3006 ex
974 2949 1122 3009 Ciceronis
1148 2953 1274 3011 manime

114 3053 234 3110 auam
263 3055 379 3109 notam.
426 3048 515 3106 huius
547 3048 641 3123 igitur
669 3046 839 3122 historiam,
872 3048 902 3104 in
931 3050 1075 3123 quantum
1105 3068 1178 3124 opus
1207 3052 1273 3125 erit,

114 3168 167 3207 ure
191 3147 417 3208 emrrabimus.

177 3248 313 3306 Claudia
337 3246 403 3304 siue
422 3236 471 3324 (ut
491 3245 581 3317 uulgo
600 3239 782 3322 uocabatur)
804 3238 955 3322 (llodia'i),
975 3262 1009 3301 er
1030 3249 1150 3303 uetusta
1169 3246 1273 3304 nohili-

114 3365 148 3417 ue
169 3352 264 3421 gente
288 3341 486 3400 Claudiorum
510 3346 576 3399 orta
600 3333 677 3419 (filia
701 3345 809 3418 quippe
830 3342 920 3416 Appii
941 3341 1057 3399 Claudii
1077 3343 1174 3400 Pulcri
1195 3363 1272 3402 cons.

114 3448 205 3523 λθ),
229 3446 310 3501 nata
333 3457 412 3497 anno
440 3438 503 3495 sero
533 3457 559 3496 a.
584 3438 651 3497 Chr.
677 3443 732 3515 94,
761 3461 844 3498 soror
868 3440 962 3496 maior
985 3439 1016 3498 P.
1041 3438 1135 3496 Clodii
1161 3441 1273 3498 tribuni

114 3542 195 3616 tetis,
219 3542 378 3598 incertum
404 3555 463 3612 quo
486 3555 562 3594 anno
585 3541 729 3613 nupserat
750 3538 916 3613 propinquo
937 3556 989 3593 suo
1010 3536 1042 3605 Q.
1064 3536 1192 3594 Caecilio
1213 3538 1270 3596 Me-

114 3641 157 3698 ihi
181 3637 306 3706 Celeri,
328 3635 507 3711 praetoria.
529 3637 568 3692 03
590 3641 620 3693 et
640 3635 751 3694 consuli
772 3656 797 3693 a.
817 3639 871 3712 60,
892 3635 956 3693 uiro
977 3635 1048 3709 reip.
1068 3635 1272 3695 amantissimo

114 3745 266 3798 :sanetus
296 3732 450 3792 defensori
475 3732 628 3805 acerrimo,
654 3733 706 3791 sed
726 3735 821 3792 eidem
844 3733 972 3808 superbo
993 3733 1076 3792 fatuo
1097 3734 1178 3810 inani
1199 3728 1272 3814 (Cic.

114 3966 219 4019 «stur,
247 3953 282 4007 in
308 3946 436 4018 epistula
459 3962 476 3998 a
496 3944 627 3999 Cicerone
652 3947 784 4000 11621111
810 3946 869 4000 aius
889 3949 1019 4002 maritum
1045 3949 1125 4015 data,
1150 3949 1186 4002 ad
1206 3950 1270 4001 sam.

127 4043 184 4099 ge
235 4051 264 4088 ι
290 4037 327 4085 60
349 4045 413 4082 curn
433 4025 519 4079 irater
537 4026 566 4078 P.
587 4026 718 4080 Claudius
740 4027 871 4097 Pulcher,
891 4031 922 4081 ut
941 4029 1116 4081 tribunatum
1136 4027 1272 4095 adipisco-

114 4126 162 4179 m,
182 4116 220 4169 ad
244 4110 369 4183 plebem
398 4104 529 4159 transiret
552 4124 634 4176 suque
660 4106 714 4160 iam
736 4106 863 4160 Clodium
888 4109 1045 4177 appellaret
1069 4109 1145 4174 (hinc
1164 4107 1273 4174 explica

114 4200 173 4251 nnis
188 4195 289 4249 uerba
308 4184 442 4243 XXXVII
461 4191 492 4238 la
508 4186 651 4249 Πούπλιός
666 4210 706 4251 τις
723 4185 862 4255 Κλώδιος,
878 4183 910 4242 ὃν
927 4187 1071 4243 Κλαύδιόν
1087 4207 1160 4247 τινες
1176 4184 1271 4240 iuriiu-

114 4286 153 4343 ej.
174 4292 261 4331 soror
284 4268 411 4325 Claudia
430 4265 504 4334 apud
524 4284 586 4320 eum
613 4269 742 4323 habitans
766 4276 795 4321 et
818 4288 866 4339 per
886 4270 979 4323 omnia
1002 4271 1038 4322 ah
1061 4268 1120 4320 eins
1144 4267 1272 4335 partibus

114 4374 153 4413 m
173 4355 348 4411 uocabatur
373 4349 405 4401 et
428 4345 489 4415 ipss
513 4345 622 4414 Clodia,
647 4348 715 4416 ipsis
741 4349 868 4418 turpibus
889 4349 1044 4402 rumoribus
1068 4346 1101 4398 de
1122 4346 1219 4400 Clodio
1244 4354 1273 4401 ut

114 4456 170 4493 rore
189 4427 382 4493 circumlatis
403 4426 487 4481 huius
506 4427 784 4483 transnominationis
804 4446 915 4483 causam
936 4425 1145 4496 praebentibus.
