2940 4912
207 307 272 371 216
660 305 790 361 XXXVII
812 312 923 361 11-14.

208 471 310 525 coeunt
327 467 415 538 igitur
434 465 526 523 datiui
546 467 637 521 ‘uobis
656 466 841 537 sopionibus'.
873 468 947 522 unde
966 467 1050 522 simul
1068 467 1173 538 elucet,
1195 467 1264 536 quid
1284 466 1312 522 C.
1332 485 1386 538 per

207 558 293 613 totius
317 558 437 612 frontem
460 557 608 624 tabernae,
638 558 665 610 h.
685 573 708 611 e.
733 557 835 611 litteris
857 556 1079 626 praegrandibus
1101 559 1248 626 quadratis
1272 574 1385 613 omnem

207 646 345 717 parietem
370 645 600 714 contegentibus,
626 646 663 699 sit
686 645 853 715 scripturus,
871 643 1004 700 nimirum
1021 644 1076 700 bon
1092 645 1165 701 teror
1186 645 1337 715 ‘Egnatius
1356 651 1386 702 et

208 735 317 791 sodales
336 735 451 790 futuunt
467 734 577 804 puellas
591 735 708 789 omnes’.
726 765 757 774 -
774 735 821 790 ll.
841 734 944 803 puella
961 748 1031 788 nam
1048 749 1111 807 me,
1132 749 1208 802 quae
1227 749 1293 790 meo
1313 736 1385 791 sinu

108 887 110 892 ¹
208 824 299 891 rugit.
342 824 417 878 ‘me'
442 841 497 892 quo
521 822 663 892 pertineat
688 840 743 878 uon
767 823 865 889 habet3
896 840 948 879 nec
970 823 1195 894 interpungendo
1220 826 1314 893 ‘nam‚
1338 843 1386 881 me
1448 862 1452 867 »

207 914 290 983 qnae’
312 912 387 980 quod
406 912 520 966 tolerari
538 912 630 982 possit
648 912 678 966 et
696 911 842 981 probabile
861 909 900 966 sit
918 911 1083 966 restituitur.
1115 914 1190 968 unde
1209 916 1252 982 (ut
1270 913 1385 969 mittam

209 1004 293 1057 ‘mea'
315 1006 344 1057 et
364 1002 470 1057 ‘modo’
492 1018 509 1055 a
528 1003 618 1056 metro
636 1017 738 1070 parum
755 1000 961 1066 commendata)
981 1001 1119 1056 Auentina
1135 1003 1278 1073 ‘namquo'
1295 1005 1386 1074 (qnod

207 1094 272 1162 post
290 1110 316 1146 u.
337 1098 352 1145 9
371 1108 470 1160 parum
488 1091 545 1144 iam
564 1091 679 1159 placet),
698 1089 829 1143 Heinsius
849 1089 926 1144 ‘nam
941 1090 991 1144 mi’
1014 1088 1104 1157 (cuius
1123 1091 1214 1147 datini
1231 1109 1315 1161 quem
1334 1110 1385 1149 uo·

209 1184 275 1235 eant
298 1178 385 1234 ethici
405 1178 510 1233 iustam
534 1195 647 1233 causam
671 1178 822 1248 desidero),
846 1178 973 1232 Handius
998 1180 1126 1236 ‘amata'
1152 1182 1304 1238 coniecere.
1341 1185 1387 1237 est

209 1273 302 1324 autem
323 1268 423 1323 ‘sinus’
445 1267 523 1321 locus
542 1266 580 1334 is,
599 1267 629 1320 in
648 1284 703 1335 quo
723 1281 817 1322 carum
834 1269 919 1336 caput
933 1269 1074 1322 recumbit
1092 1272 1122 1325 et
1139 1272 1169 1324 in
1187 1288 1243 1339 quo
1256 1271 1387 1327 fouemus

210 1358 263 1411 hoc
282 1373 349 1425 prae
368 1372 476 1412 amore:
496 1357 560 1411 Ter.
574 1356 626 1411 Ad.
641 1356 680 1410 IV
695 1361 719 1423 δ,
736 1362 769 1410 'lb
787 1357 877 1411 hicine
895 1373 952 1411 uon
969 1359 1118 1427 protendas
1135 1361 1167 1414 r'n
1185 1360 1308 1426 sinaut&
1327 1358 1385 1416 cie.

209 1446 244 1499 ad
263 1444 329 1501 fam.
350 1444 414 1500 XIV
433 1452 463 1513 4,
483 1452 500 1500 3
524 1445 618 1501 Cicero
640 1461 713 1500 meaa
736 1447 803 1514 quid
825 1445 906 1514 aget?
943 1447 993 1500 iste
1010 1463 1076 1502 uero
1093 1449 1130 1502 eit
1147 1450 1179 1504 ia
1196 1451 1264 1504 aaa
1280 1465 1386 1518 semper

209 1540 234 1588 ot
251 1535 392 1605 compleat
409 1552 479 1601 meo,
498 1533 578 1590 Ouid.
594 1553 647 1589 arn.
663 1534 688 1587 ll
705 1539 777 1600 122
797 1536 830 1588 ia
841 1540 935 1589 nostro
953 1540 992 1588 est
1009 1552 1066 1591 ecce
1081 1536 1205 1592 Curiano
1223 1540 1298 1604 aiau,
1319 1538 1386 1595 alia.

210 1623 259 1677 sed
277 1623 384 1692 puella,
404 1623 431 1677 h.
446 1640 469 1678 e.
489 1624 603 1691 Lesbia,
623 1622 770 1678 durissime
790 1623 894 1678 dicitnr
913 1622 1028 1693 ‘fugisse
1042 1625 1128 1694 siuu',
1147 1627 1286 1696 siquidem
1304 1643 1387 1697 prae·

209 1710 379 1781 positionem
400 1713 439 1767 ‘a’
461 1712 507 1768 uel
528 1712 583 1767 ‘ex'
604 1711 650 1767 uel
671 1712 727 1767 ‘de’
748 1711 851 1766 addere
870 1712 1006 1768 sollemne
1025 1715 1079 1781 est3
1099 1716 1129 1769 et
1141 1716 1265 1784 suspecti
1280 1715 1387 1771 criticis

210 1801 266 1854 dno
286 1801 340 1855 loci
359 1802 396 1855 ab
414 1800 512 1856 Ellisio
531 1801 621 1856 adlati
640 1800 697 1856 Cic.
717 1801 753 1855 ud
767 1801 825 1855 Att.
841 1801 878 1854 lV
894 1808 919 1868 6,
938 1807 954 1854 9
974 1805 1003 1856 et
1017 1801 1095 1857 Caes.
1109 1803 1137 1857 b.
1152 1821 1175 1859 c.
1189 1803 1229 1859 111
1243 1810 1286 1860 99.
1312 1805 1387 1861 unde

211 1889 297 1961 prisci
315 1890 437 1945 editores
457 1891 545 1959 ‘quae
564 1907 579 1944 e
598 1891 676 1945 meo’
703 1890 846 1945 dederunt.
885 1889 998 1945 uidetur
1021 1890 1092 1946 milri
1117 1891 1182 1947 ‘de’
1208 1890 1276 1948 olim
1302 1910 1389 1964 supra

210 1977 315 2033 lineam
335 1978 470 2048 scriptum
490 1977 565 2032 mele
584 1979 719 2033 insertum
739 1995 799 2033 esse
818 1981 883 2048 post
898 1979 984 2033 ‘nam’
1006 1981 1035 2034 et
1053 1974 1118 2035 hino
1135 1981 1239 2037 abiisse
1256 1982 1286 2036 in
1307 1983 1388 2039 ‘me’.

211 2068 282 2121 bens
301 2067 355 2121 hoc
373 2084 403 2121 se
422 2067 509 2122 habet
528 2066 635 2136 ‘puella
652 2083 731 2133 nam,
751 2083 823 2136 quae
842 2067 877 2122 de
896 2084 958 2123 meo
977 2084 999 2120 s.
1015 2067 1061 2133 i.’;
1081 2069 1221 2125 ad-‘nam'
1237 2072 1388 2128 traiectum

211 2156 245 2210 cl.
265 2173 348 2225 supra
367 2175 393 2225 p.
415 2162 456 2212 19.
476 2187 510 2196 -
536 2155 585 2210 lt.
609 2156 643 2211 of.
664 2155 729 2210 Vlll
747 2162 773 2209 o.
792 2187 825 2196 —
850 2155 898 2211 19.
921 2171 978 2225 pro
1002 2172 1061 2225 qna
1084 2158 1160 2213 mllrl
1184 2162 1256 2216 snut
1279 2176 1389 2229 magn

211 2245 293 2300 bella
311 2245 455 2313 pugnata.
484 2245 539 2300 hoc
557 2246 593 2299 ab
612 2244 664 2299 illo
680 2244 798 2300 ‘bellum
816 2245 935 2300 bellaro’
956 2248 1002 2301 uel
1023 2247 1159 2316 ‘pugnam
1178 2250 1315 2318 pugnare’
1336 2267 1388 2321 per

212 2334 405 2388 contusionem
423 2334 537 2389 obuiam
553 2334 704 2400 deflexum
724 2334 758 2388 cl.
773 2333 937 2388 Xuehneras
950 2353 992 2404 gr.
1007 2335 1026 2390 l.
1041 2336 1066 2389 ll
1081 2353 1108 2405 p.
1123 2342 1184 2404 209,
1201 2338 1279 2393 cuius
1294 2354 1387 2394 exem·

211 2422 267 2493 plis
286 2422 358 2477 addo
377 2423 439 2478 Val.
459 2423 551 2480 Flace.
571 2423 583 2476 1
602 2429 654 2477 ’170
673 2429 853 2493 properataque
866 2440 976 2493 poscere
995 2425 1072 2479 bella.
1109 2425 1239 2480 similiter
1258 2427 1293 2481 de
1312 2427 1387 2497 Cyn·

212 2513 273 2567 thia
290 2510 373 2581 Prop.
390 2513 427 2566 lll
446 2518 473 2580 8,
492 2517 526 2567 33
541 2529 597 2582 pro
615 2517 640 2567 te
657 2514 725 2567 mibi
744 2529 804 2567 eam
822 2513 960 2568 riualibus
978 2531 1056 2568 mma
1074 2531 1177 2585 smper
1194 2521 1274 2570 erent
1293 2515 1387 2584 (Ouid.

213 2618 267 2656 aru.
283 2601 309 2654 ll
326 2603 377 2669 19).
398 2636 432 2645 -
453 2599 499 2655 14.
518 2601 656 2656 consedit
675 2601 756 2656 lstlo.
775 2617 858 2668 caue,
877 2618 912 2656 ne
930 2619 994 2656 oum
1014 2602 1117 2672 Vulpio
1136 2604 1258 2673 explices
1279 2604 1387 2661 ‘sedem

212 2689 343 2744 stabilem
372 2688 482 2758 posuit’
508 2688 670 2759 referasque
699 2706 745 2757 eo,
774 2691 849 2758 quod
878 2689 1036 2745 meretrices
1064 2690 1093 2745 in
1120 2691 1258 2748 fornicum
1288 2692 1387 2749 limine

213 2782 264 2833 aut
281 2795 348 2848 prae
368 2778 475 2832 loribus
494 2778 629 2845 sederint,
648 2779 713 2832 hinc
729 2779 886 2847 ‘prosedas'
903 2780 932 2833 et
946 2778 1098 2834 ‘cellariae’
1114 2780 1208 2835 diotae
1223 2784 1278 2851 (cp.
1294 2782 1386 2838 Plant

212 2866 297 2920 Poen.
316 2865 328 2918 1
347 2872 376 2932 2,
397 2872 444 2933 51,
468 2866 597 2920 Aeschin.
621 2868 651 2920 in
670 2866 811 2922 Timaroh.
830 2872 884 2935 40).
922 2885 993 2936 qnae
1012 2884 1029 2921 a
1047 2868 1151 2922 Catulli
1169 2868 1232 2925 sinu
1250 2869 1337 2941 fugit,
1357 2871 1387 2927 in

212 2955 330 3009 taberna
347 2955 398 3009 illa
413 2955 573 3022 ‘consedit’‚
592 2955 619 3008 h.
634 2973 658 3009 e.
677 2973 733 3009 una
751 2973 816 3010 cum
834 2956 934 3011 ceteris
954 2955 1200 3012 contubernalibus
1214 2958 1288 3014 sedit
1302 2960 1388 3016 nimi-

211 3061 274 3098 rum
293 3060 396 3098 nouom
416 3046 512 3098 secuta
529 3045 685 3099 amatorem
704 3047 733 3098 et
751 3047 897 3114 (quantum
916 3044 1051 3113 suspicari
1071 3045 1148 3114 licet)
1167 3047 1262 3102 semel.
1300 3065 1385 3117 quem

212 3132 298 3188 inisse
317 3133 480 3202 Egnatium,
499 3136 556 3187 tum
576 3132 638 3186 finis
664 3134 793 3188 carminis
818 3135 942 3189 ostendit
964 3135 1062 3204 aperte
1085 3153 1168 3204 quam
1188 3137 1231 3192 ira
1248 3136 1311 3206 illa,
1331 3156 1389 3208 qna

212 3238 296 3292 porro
320 3240 343 3276 c.
362 3221 479 3276 XXXIX
503 3222 578 3277 hunc
602 3221 718 3277 riualem
743 3227 885 3278 recentem
908 3223 975 3278 risui
999 3223 1067 3277 dare
1091 3223 1185 3279 studet
1201 3228 1293 3294 poeta.
1330 3243 1389 3282 nna

213 3314 307 3365 autem
331 3328 393 3365 cum
418 3311 539 3379 Egnatio
563 3310 693 3365 Lesbiam
717 3311 801 3365 hilari
826 3312 1067 3367 contubernalium
1090 3312 1280 3367 comissationi
1301 3315 1388 3370 inter·

214 3399 311 3468 luisse,
336 3419 392 3456 non
415 3403 460 3455 est
483 3401 583 3455 mirum
607 3398 636 3453 in
655 3417 701 3469 ea,
725 3418 797 3469 quac
823 3403 867 3471 (ut
884 3402 925 3455 ait
944 3399 999 3454 (lie.
1018 3419 1045 3470 p.
1064 3399 1138 3456 Cael
1158 3406 1206 3468 20,
1225 3405 1270 3471 49)
1289 3405 1389 3473 marro

212 3509 267 3546 sese
285 3493 316 3545 ia
334 3492 488 3546 meretricia
506 3491 568 3544 uita
582 3491 727 3545 conlocans
740 3492 867 3544 uirorum
881 3491 1110 3545 elemosimarum
1123 3491 1263 3545 conuiuiis
1280 3493 1324 3546 uti
1341 3495 1387 3547 irr-

212 3582 333 3635 etitaerit
357 3579 402 3649 (cf.
430 3583 460 3634 et
481 3578 627 3634 Postumia
650 3596 673 3632 o.
693 3577 816 3647 XXVlI).
861 3594 950 3647 neque
976 3577 1048 3633 enim
1072 3578 1231 3633 accedimus
1253 3578 1389 3650 Eranam,

214 3669 261 3737 qni
281 3670 405 3723 eiusdem
427 3668 567 3724 Ciceronis
587 3686 652 3723 usne
673 3668 766 3722 uerbis
784 3667 813 3736 (l.
833 3667 851 3721 l.
871 3669 979 3722 domum
996 3683 1075 3721 auam
1091 3668 1249 3736 patefecerit
1266 3671 1389 3725 omnium

215 3758 375 3825 cupiditate)
395 3758 508 3811 domum
527 3757 616 3825 ipsam
633 3755 748 3811 Clodiae
767 3772 829 3809 esse
843 3755 958 3824 putauit
979 3754 1124 3810 tabernam
1142 3754 1172 3808 in
1191 3755 1244 3810 boc
1263 3757 1388 3813 carmine

215 3848 472 3899 commemoratam.
501 3847 586 3900 immo
606 3849 638 3900 ut
655 3844 777 3913 Cynthia
794 3844 934 3912 Propertii
952 3843 1040 3911 (ive,
1057 3849 1097 3911 19,
1116 3861 1200 3913 quem
1218 3844 1311 3899 locum
1330 3851 1388 3901 tnr-

216 3934 314 3989 betum
334 3934 375 3988 ita
393 3934 539 4004 intellego)
560 3936 640 4005 orgia
650 3933 784 3989 'celebrat
802 3934 830 3987 in
850 3933 968 3989 taberna
986 3950 1088 3988 arcana
1102 3936 1138 4003 (si
1150 3934 1210 3988 eine
1226 3950 1279 4000 me,
1297 3935 1390 4000 samoe

214 4040 271 4079 non
288 4024 348 4077 sine
367 4023 425 4078 lube
443 4027 540 4091 meae),
566 4025 605 4077 sic
624 4023 724 4079 Lesbia
748 4023 814 4078 noui
838 4023 937 4077 amasii
961 4020 1071 4076 sodales
1093 4037 1149 4075 aon
1172 4021 1326 4093 dedignata
1344 4031 1389 4082 ert

214 4113 306 4167 uisere
334 4112 538 4182 genialiterque
568 4128 630 4165 cum
660 4112 700 4166 eis
728 4111 873 4181 indulgere
900 4110 1019 4164 Baccho.
1061 4107 1121 4161 zelo
1150 4108 1276 4176 agitatus
1300 4116 1389 4180 poeta

215 4200 393 4255 acerbissime
413 4201 456 4255 his
475 4201 602 4257 uersibus
620 4200 786 4270 perstringit
803 4202 833 4254 et
850 4199 964 4252 infidam
983 4193 1124 4249 dominam
1145 4200 1292 4266 tamquam
1311 4218 1387 4256 eom.

215 4305 328 4342 munem
354 4290 476 4344 omnium
501 4291 620 4345 amicam
645 4292 675 4344 ot
698 4286 911 4343 contubernales
928 4285 1009 4346 istos,
1032 4280 1081 4348 qui
1104 4281 1164 4336 sine
1188 4284 1274 4340 dnbio
1293 4288 1388 4346 iocum

214 4377 356 4447 risumque
384 4379 510 4434 fecerant
535 4396 597 4433 eum
621 4379 770 4434 desertum.
795 4407 827 4415 —
853 4372 901 4428 14.
923 4371 999 4426 hans
1022 4367 1093 4422 bodl
1117 4367 1259 4438 neauqus
1282 4389 1388 4436 omes
