2940 4912
218 291 286 390 ess
551 279 555 283 ⁴
710 325 798 379 333
818 332 897 381 4-3.

219 487 300 554 solet,
319 493 351 541 ut
367 487 511 556 quisquam
526 487 592 554 plus
607 486 722 539 aiterum
735 486 836 554 diligat
849 503 931 556 guam
944 502 984 552 se3
1004 484 1075 539 iliud
1089 483 1232 539 difficilius
1248 487 1293 539 est
1306 485 1392 552 dictu,

218 592 267 628 cur
285 572 314 628 G.
329 573 459 629 Lesbiam
480 593 563 629 unam
584 575 670 644 (quod
689 573 724 628 ob
744 573 906 643 oppositum
921 573 1040 629 ‘omnes’
1057 575 1101 629 est
1119 573 1255 640 additum,
1275 575 1307 628 ut
1320 574 1346 626 V
1361 581 1396 640 33

217 662 251 716 31.
273 667 301 717 31
319 662 393 716 XLV
413 668 446 715 21
467 666 496 716 et
515 664 560 730 23)
579 661 642 731 pius
661 680 745 730 quam
764 666 873 732 patrem
892 665 1066 731 matremque
1085 679 1118 717 33
1136 662 1308 733 propinquos
1328 663 1392 717 reli·

218 769 288 818 quos
311 767 419 805 amasse
443 767 473 804 se
497 750 645 821 significet.
683 751 788 805 adeone
813 749 861 804 ille
886 750 991 806 oblitus
1010 753 1071 806 erat
1093 751 1189 805 fratris
1208 750 1283 805 33131
1302 752 1395 804 teuer-

216 840 286 894 rimo
306 856 401 894 amore
421 837 537 893 dilecti?
570 857 619 893 cur
637 839 691 893 hoc
710 845 928 895 commemorat?
957 838 1070 895 uidetur
1088 837 1215 894 Catullus
1234 840 1396 910 improban-

216 925 294 981 tibus
312 928 369 981 sais
388 929 448 981 tum
469 945 531 981 cum
547 926 649 981 Lesbia
667 925 771 981 indies
787 928 878 998 magis
893 929 982 982 bonos
997 929 1138 983 desereret
1152 946 1244 984 mores
1258 929 1393 984 seminam

215 1017 325 1087 perdite
344 1020 468 1070 amatam
488 1017 542 1070 sibi
561 1016 680 1071 retinere
708 1016 860 1071 studuisse:
880 1017 952 1071 caris
971 1017 1029 1071 suis
1048 1015 1179 1072 omnibus
1199 1033 1260 1070 sese
1280 1019 1395 1086 praetu-

215 1105 282 1161 lisse
306 1105 450 1160 mulierem
475 1104 698 1173 indignissimam
728 1122 784 1159 nou
808 1104 867 1159 sine
894 1104 1063 1174 paenitentis
1086 1104 1174 1160 animi
1198 1104 1295 1160 dolore
1319 1124 1393 1161 nunc

216 1194 303 1249 sentit
321 1195 377 1251 iiie.
399 1226 430 1234 -
450 1192 484 1265 4,
504 1193 533 1247 b.
556 1209 636 1248 3333
659 1192 690 1247 13
711 1193 882 1261 quadrimis
905 1195 936 1249 et
954 1193 1125 1264 angiportis
1150 1192 1252 1261 glubIt
1270 1209 1392 1261 magns·

216 1283 290 1337 nlml
310 1283 396 1337 Remi
423 1282 558 1352 nepotes·
595 1298 663 1336 3333
688 1282 724 1335 ad
748 1281 882 1336 amussim
907 1282 1004 1352 erigas
1022 1283 1093 1337 haec
1110 1283 1210 1337 uerba:
1232 1281 1347 1337 fortiter
1365 1285 1395 1337 et

217 1373 341 1426 dictante
356 1371 551 1441 indignatione
566 1370 667 1424 Lesbis
682 1371 850 1426 describitur
862 1374 1007 1440 tamquam
1023 1371 1160 1425 ‘omnium
1174 1368 1289 1438 amiea',
1309 1388 1394 1439 quam

216 1550 340 1604 seruiens
360 1551 389 1604 et
407 1551 548 1603 trecentos
562 1550 702 1602 amatores
717 1549 877 1617 complexos
894 1552 991 1602 tenens
1006 1564 1070 1602 cum
1086 1548 1209 1602 maximo
1228 1551 1394 1619 contemptu

217 1641 249 1692 ut
268 1641 389 1693 scortum
409 1638 562 1693 diobolare.
600 1636 761 1706 quadrinis,
786 1637 848 1691 1333
871 1637 900 1690 13
920 1636 1021 1705 quibus
1044 1638 1177 1705 quattuor
1196 1638 1259 1692 uiae
1279 1653 1394 1692 concur·

217 1730 293 1794 runt,
313 1727 540 1796 frequentissima
562 1727 628 1779 sunt
652 1726 813 1779 hominibus
831 1724 936 1791 (13333.
958 1731 984 1792 1,
1005 1731 1039 1780 64
1064 1726 1151 1780 medio
1173 1727 1337 1795 quadrimo,
1362 1729 1392 1780 et

216 1815 256 1870 sic
275 1816 361 1870 etiam
380 1815 465 1869 trinis
483 1815 587 1884 passim
606 1817 639 1868 nt
656 1814 747 1884 plebis
765 1813 887 1868 maxime
905 1814 990 1883 plena
1007 1817 1207 1880 memorantur,
1226 1814 1261 1870 ci.
1277 1818 1306 1870 et
1320 1814 1388 1871 Hor.

218 1908 269 1958 sat.
294 1903 319 1956 lI
342 1911 372 1970 3,
392 1909 426 1958 25
448 1905 603 1973 frequentia
625 1905 767 1972 compita);
792 1906 890 1958 contra
911 1903 947 1956 ad
971 1902 1034 1957 1333
1056 1903 1185 1958 desolata
1206 1903 1284 1973 (Hor.
1308 1905 1355 1960 od.
1380 1907 1392 1959 I

217 1998 264 2058 25,
286 1994 330 2059 10)
354 2008 404 2045 uos
428 1991 534 2044 ducunt
556 1992 734 2060 angiportus,
757 2008 826 2060 quos
849 1992 961 2060 glossae
985 1991 1071 2045 medii
1095 1991 1159 2046 aeui
1179 2010 1196 2046 3
1215 1993 1392 2048 Mommseno

218 2079 324 2149 [Herm.
348 2079 386 2132 Iil
410 2098 436 2149 p.
457 2079 521 2150 303]
546 2079 638 2134 editae
663 2079 703 2134 sic
727 2079 869 2149 explicant
892 2081 1056 2149 angiportus
1077 2082 1142 2134 uiae
1165 2089 1298 2151 angssstm
1321 2083 1396 2137 inter

216 2170 333 2222 minores
351 2169 440 2232 uicos,
463 2185 533 2236 guae
551 2171 654 2222 anitum
677 2170 714 2223 ad
738 2185 830 2222 muros
852 2175 902 2222 aut
920 2169 1028 2222 nullum
1046 2175 1095 2223 aut
1114 2175 1260 2239 angustum
1278 2171 1395 2237 liabent3

217 2256 252 2311 31.
272 2261 302 2312 31
321 2257 446 2312 Donatus
466 2256 503 2310 ad
522 2258 584 2313 Ter.
606 2257 657 2311 nd.
676 2256 713 2310 IV
733 2262 758 2324 2,
778 2263 811 2311 39
831 2259 861 2311 id
879 2259 987 2326 quidem
1005 2260 1183 2327 angiportum
1201 2276 1257 2313 non
1275 2266 1314 2314 esi
1329 2277 1393 2328 per-

215 2349 293 2401 uium
314 2348 359 2415 (de
379 2346 468 2400 formu
486 2347 515 2399 in
536 2347 605 2400 ‘um'
627 2345 768 2400 desinenti
787 2347 892 2400 Neuius
912 2346 923 2398 I
943 2365 970 2415 p.
987 2349 1057 2416 342).
1086 2348 1115 2401 13
1134 2348 1177 2401 his
1196 2348 1394 2417 angiportibus

216 2438 248 2489 ut
275 2434 419 2490 habebant
440 2435 555 2491 lenones
575 2437 661 2489 cellas
681 2435 868 2504 meretricias,
887 2436 928 2489 113
946 2435 1076 2490 semeliae
1094 2437 1226 2506 uulgares
1244 2438 1396 2492 conuenire

216 2525 344 2579 solebant
364 2526 498 2592 amasios,
524 2525 558 2578 31.
578 2524 669 2578 Ρ1331.
688 2523 788 2580 Pseud.
809 2525 845 2577 IV
866 2530 894 2592 Ξ,
914 2531 930 2578 6
949 2524 998 2592 (IV
1018 2529 1043 2592 7,
1063 2529 1133 2592 137).
1172 2525 1282 2593 queant
1304 2526 1395 2595 igItnr

215 2613 269 2667 sibi
295 2613 396 2668 Lesbia
421 2615 450 2666 in
476 2614 578 2682 plateis
605 2617 759 2680 amatores,
785 2614 885 2684 quibus
912 2614 940 2665 in
965 2612 1068 2667 cellula
1091 2613 1188 2683 aliqua
1211 2632 1271 2669 sese
1296 2614 1392 2672 dedat

216 2702 365 2771 ‘glabere’‚
391 2705 421 2756 31
439 2704 469 2755 31
488 2702 662 2771 ‘deglubere’
692 2703 813 2773 (glossae
832 2702 918 2756 Lnbb.
939 2720 965 2770 p.
981 2709 1016 2755 50
1034 2703 1148 2771 deglubo
1166 2698 1300 2771 indign),
1320 2703 1348 2758 h.
1368 2722 1392 2759 e.

215 2791 347 2844 corticem
374 2791 417 2844 331
437 2791 539 2860 pellem
558 2792 720 2857 detrahere,
747 2793 782 2845 ab
807 2790 952 2845 arboribus
977 2794 1019 2861 (31
1037 2791 1115 2845 Varr.
1136 2791 1163 2846 d.
1181 2811 1202 2846 r.
1222 2808 1243 2844 r.
1263 2792 1276 2845 I
1296 2798 1345 2860 bt,
1365 2798 1393 2861 2)

215 2883 245 2934 et
263 2898 361 2948 pecore
381 2884 425 2946 (31
443 2880 522 2934 Ρ331.
541 2879 617 2934 Festi
636 2899 662 2949 p⁴
679 2883 723 2948 98)
748 2881 916 2934 translatum
936 2881 979 2933 est
998 2878 1034 2933 ad
1053 2879 1243 2949 turpissimum
1263 2879 1393 2934 libidinis

213 2987 314 3037 genus,
339 2971 413 3036 quod
438 2967 571 3023 inlustrat
590 2972 692 3022 Auson.
713 2969 800 3038 epigr.
821 2974 854 3022 67
873 2974 943 3036 (71),
964 2974 978 3021 7
1004 2968 1051 3021 ubi
1075 2967 1181 3023 femina
1198 2967 1393 3038 perditissima

215 3059 244 3111 et
263 3060 377 3110 cunctas
397 3056 528 3110 libidines
547 3058 574 3110 in
594 3074 648 3110 nno
673 3073 789 3125 corpore
808 3073 938 3110 exercens
956 3057 1087 3125 deglutit,
1104 3057 1191 3123 seiiat,
1209 3058 1323 3112 molitur
1340 3076 1391 3128 per

214 3152 356 3215 utramnque
381 3162 541 3199 cauernam:
565 3146 640 3214 quod
664 3146 707 3198 nir
731 3146 791 3215 ipse
815 3145 1049 3211 masturbatioue,
1072 3145 1125 3199 hoc
1149 3146 1174 3198 ei
1198 3145 1268 3200 13311
1291 3164 1392 3202 manus

214 3235 338 3287 mulieris
364 3235 513 3303 giubentis.
556 3235 603 3286 uix
629 3237 673 3288 est
700 3233 774 3301 qnod
804 3250 945 3301 moneam,
974 3232 1097 3287 indicare
1126 3249 1222 3287 nocem
1252 3234 1390 3289 ineffabili

212 3323 357 3394 despicate
378 3324 489 3393 plenam
509 3321 566 3376 iere
585 3324 669 3385 idem,
685 3323 760 3391 quod
775 3322 906 3392 mitigato
922 3321 1018 3376 dolore
1034 3322 1130 3391 iraque
1145 3323 1235 3378 lenius
1249 3324 1390 3394 expressit

213 3418 299 3483 poeta
318 3411 355 3466 III
381 3418 413 3466 19
437 3413 558 3466 omnium
581 3413 632 3465 iiia
656 3429 797 3480 rumpens:
821 3410 973 3466 enernandi
997 3408 1204 3478 significatione
1227 3429 1282 3467 uox
1306 3414 1391 3469 foeda

213 3503 310 3556 utitur.
347 3501 465 3554 Remum
484 3499 540 3553 iam
560 3501 596 3552 ad
615 3498 731 3553 XXVIII
753 3506 785 3554 15
805 3499 899 3554 monui
919 3515 1008 3568 aeque
1026 3514 1059 3552 ae
1074 3499 1223 3553 Romulum
1244 3503 1391 3558 3133313

213 3609 272 3644 rem
296 3589 390 3658 gentis
409 3588 551 3644 Romanae
575 3588 710 3644 celebrari
735 3607 752 3643 a
777 3590 880 3658 poetis:
904 3589 985 3657 Prop.
1005 3588 1030 3640 II
1051 3594 1079 3654 1,
1099 3593 1132 3643 23
1156 3607 1276 3658 regnasse
1294 3594 1391 3660 prima

213 3680 293 3733 Remi
312 3681 340 3731 et
359 3679 396 3731 IV
416 3685 441 3743 6,
460 3686 495 3733 80
513 3679 595 3746 signa
613 3679 705 3743 Resni,
727 3680 818 3732 quen.
841 3685 883 3744 10,
902 3683 935 3730 73
955 3677 1036 3731 turba
1055 3677 1149 3745 Remi,
1168 3677 1249 3733 Mart
1266 3679 1318 3734 XII
1332 3687 1390 3749 3,3

211 3770 306 3820 domus
325 3769 384 3821 alta
397 3767 484 3821 Remi.
514 3768 614 3837 quodsi
632 3767 661 3820 in
676 3766 756 3820 Remi
776 3766 917 3820 mentione
935 3784 985 3835 per
1004 3782 1033 3819 se
1052 3765 1124 3819 nihil
1143 3765 1217 3820 inest
1235 3767 1388 3839 iurisiunis,

212 3857 261 3911 sed
280 3855 447 3925 simpliciter
468 3874 519 3926 per
542 3858 602 3910 eius
625 3859 742 3925 nepotes
766 3855 958 3925 significantur
977 3854 1109 3920 Romani,
1134 3853 1164 3908 in
1187 3855 1249 3923 ipsa
1273 3857 1389 3927 opposi-

213 3946 290 4000 tione
316 3945 405 3999 tacita
430 3946 524 4014 potins
551 3947 622 4000 latet
647 3962 763 3998 acumen
789 3944 997 4012 acerbitasqne,
1026 3959 1098 4010 quae
1126 3944 1280 3998 intenditur
1308 3946 1389 4001 Remi

213 4035 350 4088 attributo
380 4032 605 4103 ‘magnanimus'
637 4034 732 4101 (Verg.
759 4033 791 4087 G.
819 4033 857 4086 IV
884 4040 900 4085 4
926 4033 1165 4101 magnanimosque
1190 4033 1292 4098 duceri:
1319 4034 1390 4089 dicit

213 4128 308 4192 poeta,
328 4122 563 4191 deprauatissimo
582 4123 681 4188 cuique
701 4124 730 4175 et
748 4138 765 4174 3
784 4121 873 4191 primo
893 4118 1012 4173 nominis
1028 4119 1147 4174 Romani
1166 4125 1280 4176 anctore
1300 4140 1385 4191 quam

213 4214 332 4266 maxime
361 4213 531 4281 degenerato
562 4209 735 4265 adulescenti
763 4210 889 4264 Romano
917 4208 990 4278 (ipsa
1022 4208 1099 4263 uocis
1130 4211 1249 4278 ‘nepos'
1279 4210 1388 4281 duplici

212 4301 415 4369 significatione
435 4302 560 4369 1333313)
578 4300 708 4354 libidines
728 4318 800 4353 3333
818 4300 938 4367 turpiter
957 4298 1067 4366 explere
1087 4297 1225 4351 Lesbiam.
1266 4298 1384 4370 unod

213 4389 300 4443 habet
319 4390 433 4457 ‘magna
452 4389 622 4443 amirernini’
639 4390 689 4456 (313
705 4390 741 4456 t),
762 4388 785 4443 a
807 4387 927 4441 ‘admin’
949 4385 1033 4438 latins
1052 4388 1181 4454 serpente
1201 4390 1385 4458 corruptela),
