<?xml version="1.0" encoding="UTF-8"?>
<!DOCTYPE html PUBLIC "-//W3C//DTD XHTML 1.0 Transitional//EN"
    "http://www.w3.org/TR/xhtml1/DTD/xhtml1-transitional.dtd">
<html xmlns="http://www.w3.org/1999/xhtml" xml:lang="en" lang="en">
 <head>
  <title>
</title>
<meta http-equiv="Content-Type" content="text/html;charset=utf-8" />
  <meta name='ocr-system' content='tesseract 3.04.00' />
  <meta name='ocr-capabilities' content='ocr_page ocr_carea ocr_par ocr_line ocrx_word'/>
</head>
<body>
  <div class='ocr_page' id='page_1' title='image "./catulliveronens00baehgoog_0311.png"; bbox 0 0 2940 4912; ppageno 0'>
   <div class='ocr_carea' id='block_1_1' title="bbox 215 272 854 340">
    <p class='ocr_par' dir='ltr' id='par_1_1' title="bbox 215 272 854 340">
     <span class='ocr_line' id='line_1_1' title="bbox 215 272 854 340; baseline 0.003 -14"><span class='ocrx_word' id='word_1_1' title='bbox 215 272 280 340; x_wconf 79' lang='lat'><strong>288</strong></span> <span class='ocrx_word' id='word_1_2' title='bbox 749 273 810 327; x_wconf 76' lang='lat' dir='ltr'><strong>nix</strong></span> <span class='ocrx_word' id='word_1_3' title='bbox 832 281 854 328; x_wconf 85' lang='grc' dir='ltr'>ι.</span> 
     </span>
    </p>
   </div>
   <div class='ocr_carea' id='block_1_2' title="bbox 209 431 1393 2188">
    <p class='ocr_par' dir='ltr' id='par_1_2' title="bbox 209 431 1393 2188">
     <span class='ocr_line' id='line_1_2' title="bbox 211 431 1392 503; baseline -0.003 -15"><span class='ocrx_word' id='word_1_4' title='bbox 211 436 243 488; x_wconf 88' lang='lat' dir='ltr'><strong>fit</strong></span> <span class='ocrx_word' id='word_1_5' title='bbox 261 434 367 489; x_wconf 90' lang='lat' dir='ltr'><strong>mentio</strong></span> <span class='ocrx_word' id='word_1_6' title='bbox 393 434 519 502; x_wconf 80' lang='lat' dir='ltr'>adeoque</span> <span class='ocrx_word' id='word_1_7' title='bbox 545 432 638 488; x_wconf 90' lang='lat' dir='ltr'><strong>omnia</strong></span> <span class='ocrx_word' id='word_1_8' title='bbox 664 433 837 488; x_wconf 88' lang='lat' dir='ltr'><strong>contendunt</strong></span> <span class='ocrx_word' id='word_1_9' title='bbox 855 433 1073 503; x_wconf 88' lang='lat' dir='ltr'><strong>derigunturque</strong></span> <span class='ocrx_word' id='word_1_10' title='bbox 1100 433 1136 487; x_wconf 93' lang='lat' dir='ltr'><strong>ad</strong></span> <span class='ocrx_word' id='word_1_11' title='bbox 1155 431 1244 502; x_wconf 88' lang='lat' dir='ltr'><strong>ipsius</strong></span> <span class='ocrx_word' id='word_1_12' title='bbox 1264 431 1392 487; x_wconf 84' lang='lat' dir='ltr'><strong>mulieris</strong></span> 
     </span>
     <span class='ocr_line' id='line_1_3' title="bbox 211 521 1392 592; baseline -0.002 -14"><span class='ocrx_word' id='word_1_13' title='bbox 211 522 413 592; x_wconf 77' lang='lat' dir='ltr'><strong>turpitudinem</strong></span> <span class='ocrx_word' id='word_1_14' title='bbox 429 522 624 590; x_wconf 75' lang='lat' dir='ltr'><strong>denotandam,</strong></span> <span class='ocrx_word' id='word_1_15' title='bbox 638 522 719 576; x_wconf 90' lang='lat' dir='ltr'><strong>illam</strong></span> <span class='ocrx_word' id='word_1_16' title='bbox 735 522 825 577; x_wconf 92' lang='lat' dir='ltr'><strong>solam</strong></span> <span class='ocrx_word' id='word_1_17' title='bbox 840 522 872 576; x_wconf 89' lang='lat' dir='ltr'><strong>ut</strong></span> <span class='ocrx_word' id='word_1_18' title='bbox 886 521 1040 577; x_wconf 87' lang='lat' dir='ltr'><strong>censendus</strong></span> <span class='ocrx_word' id='word_1_19' title='bbox 1055 521 1193 592; x_wconf 79' lang='lat' dir='ltr'><strong>aitpoeta</strong></span> <span class='ocrx_word' id='word_1_20' title='bbox 1212 521 1392 591; x_wconf 88' lang='lat' dir='ltr'><strong>contemptui</strong></span> 
     </span>
     <span class='ocr_line' id='line_1_4' title="bbox 211 597 1392 681; baseline 0 -16"><span class='ocrx_word' id='word_1_21' title='bbox 211 612 280 665; x_wconf 90' lang='lat' dir='ltr'><strong>dare</strong></span> <span class='ocrx_word' id='word_1_22' title='bbox 299 597 430 665; x_wconf 85' lang='lat' dir='ltr'><strong>uoluisse.</strong></span> <span class='ocrx_word' id='word_1_23' title='bbox 459 626 557 665; x_wconf 88' lang='lat' dir='ltr'><strong>uerum</strong></span> <span class='ocrx_word' id='word_1_24' title='bbox 576 610 689 678; x_wconf 86' lang='lat' dir='ltr'><strong>quidem</strong></span> <span class='ocrx_word' id='word_1_25' title='bbox 708 615 764 678; x_wconf 90' lang='lat' dir='ltr'><strong>est,</strong></span> <span class='ocrx_word' id='word_1_26' title='bbox 784 627 839 679; x_wconf 89' lang='lat' dir='ltr'><strong>quo</strong></span> <span class='ocrx_word' id='word_1_27' title='bbox 858 606 1017 680; x_wconf 71' lang='lat' dir='ltr'>despectior</span> <span class='ocrx_word' id='word_1_28' title='bbox 1035 609 1205 681; x_wconf 74' lang='lat' dir='ltr'><strong>depingatur</strong></span> <span class='ocrx_word' id='word_1_29' title='bbox 1223 608 1339 678; x_wconf 81' lang='lat' dir='ltr'><strong>femina,</strong></span> <span class='ocrx_word' id='word_1_30' title='bbox 1358 627 1392 665; x_wconf 93' lang='lat' dir='ltr'><strong>eo</strong></span> 
     </span>
     <span class='ocr_line' id='line_1_5' title="bbox 210 698 1389 770; baseline 0 -16"><span class='ocrx_word' id='word_1_31' title='bbox 210 700 273 770; x_wconf 92' lang='lat' dir='ltr'><strong>plus</strong></span> <span class='ocrx_word' id='word_1_32' title='bbox 291 699 426 754; x_wconf 79' lang='lat' dir='ltr'><strong>infamiae</strong></span> <span class='ocrx_word' id='word_1_33' title='bbox 445 701 601 753; x_wconf 89' lang='lat' dir='ltr'><strong>redundare</strong></span> <span class='ocrx_word' id='word_1_34' title='bbox 626 700 654 753; x_wconf 90' lang='lat' dir='ltr'><strong>iu</strong></span> <span class='ocrx_word' id='word_1_35' title='bbox 674 700 732 754; x_wconf 89' lang='lat' dir='ltr'><strong>eius</strong></span> <span class='ocrx_word' id='word_1_36' title='bbox 751 701 903 766; x_wconf 70' lang='lat' dir='ltr'><strong>amasium</strong></span> <span class='ocrx_word' id='word_1_37' title='bbox 928 699 977 755; x_wconf 91' lang='lat' dir='ltr'><strong>sed</strong></span> <span class='ocrx_word' id='word_1_38' title='bbox 1000 699 1075 755; x_wconf 90' lang='lat' dir='ltr'><strong>huno</strong></span> <span class='ocrx_word' id='word_1_39' title='bbox 1094 698 1233 770; x_wconf 85' lang='lat' dir='ltr'><strong>exagitari</strong></span> <span class='ocrx_word' id='word_1_40' title='bbox 1251 701 1312 753; x_wconf 89' lang='lat' dir='ltr'><strong>tum</strong></span> <span class='ocrx_word' id='word_1_41' title='bbox 1332 715 1389 754; x_wconf 87' lang='lat' dir='ltr'><strong>cre·</strong></span> 
     </span>
     <span class='ocr_line' id='line_1_6' title="bbox 210 787 1390 858; baseline -0.003 -13"><span class='ocrx_word' id='word_1_42' title='bbox 210 791 318 856; x_wconf 80' lang='lat' dir='ltr'><strong>decem,</strong></span> <span class='ocrx_word' id='word_1_43' title='bbox 338 788 363 842; x_wconf 87' lang='lat' dir='ltr'><strong>si</strong></span> <span class='ocrx_word' id='word_1_44' title='bbox 381 788 479 842; x_wconf 89' lang='lat' dir='ltr'><strong>unicus</strong></span> <span class='ocrx_word' id='word_1_45' title='bbox 499 791 646 858; x_wconf 88' lang='lat' dir='ltr'><strong>praeterea</strong></span> <span class='ocrx_word' id='word_1_46' title='bbox 670 789 700 843; x_wconf 92' lang='lat' dir='ltr'><strong>in</strong></span> <span class='ocrx_word' id='word_1_47' title='bbox 719 804 781 843; x_wconf 90' lang='lat' dir='ltr'><strong>eum</strong></span> <span class='ocrx_word' id='word_1_48' title='bbox 801 805 898 842; x_wconf 87' lang='lat' dir='ltr'><strong>uersus</strong></span> <span class='ocrx_word' id='word_1_49' title='bbox 917 787 946 842; x_wconf 91' lang='lat' dir='ltr'><strong>iu</strong></span> <span class='ocrx_word' id='word_1_50' title='bbox 965 789 1019 842; x_wconf 86' lang='lat' dir='ltr'><strong>lius</strong></span> <span class='ocrx_word' id='word_1_51' title='bbox 1038 789 1165 844; x_wconf 87' lang='lat' dir='ltr'><strong>adiectus</strong></span> <span class='ocrx_word' id='word_1_52' title='bbox 1183 791 1258 842; x_wconf 86' lang='lat' dir='ltr'><strong>esset</strong></span> <span class='ocrx_word' id='word_1_53' title='bbox 1276 791 1329 856; x_wconf 85' lang='lat' dir='ltr'><strong>(ex.</strong></span> <span class='ocrx_word' id='word_1_54' title='bbox 1348 805 1390 856; x_wconf 80' lang='lat' dir='ltr'><strong>gr.</strong></span> 
     </span>
     <span class='ocr_line' id='line_1_7' title="bbox 212 874 1392 947; baseline -0.003 -13"><span class='ocrx_word' id='word_1_55' title='bbox 212 882 257 934; x_wconf 70' lang='lat' dir='ltr'><strong>‘et</strong></span> <span class='ocrx_word' id='word_1_56' title='bbox 281 877 339 932; x_wconf 89' lang='lat' dir='ltr'><strong>tale</strong></span> <span class='ocrx_word' id='word_1_57' title='bbox 365 894 438 931; x_wconf 92' lang='lat' dir='ltr'><strong>nuuc</strong></span> <span class='ocrx_word' id='word_1_58' title='bbox 468 880 589 930; x_wconf 88' lang='lat' dir='ltr'><strong>scortum</strong></span> <span class='ocrx_word' id='word_1_59' title='bbox 616 893 680 932; x_wconf 89' lang='lat' dir='ltr'><strong>ecce</strong></span> <span class='ocrx_word' id='word_1_60' title='bbox 700 875 833 932; x_wconf 87' lang='lat' dir='ltr'><strong>Rufulum</strong></span> <span class='ocrx_word' id='word_1_61' title='bbox 859 877 996 946; x_wconf 82' lang='lat' dir='ltr'><strong>fellatt‘);</strong></span> <span class='ocrx_word' id='word_1_62' title='bbox 1019 894 1094 932; x_wconf 90' lang='lat' dir='ltr'><strong>nuuc</strong></span> <span class='ocrx_word' id='word_1_63' title='bbox 1117 879 1187 947; x_wconf 90' lang='lat' dir='ltr'><strong>puto</strong></span> <span class='ocrx_word' id='word_1_64' title='bbox 1209 874 1259 931; x_wconf 88' lang='lat' dir='ltr'><strong>uni</strong></span> <span class='ocrx_word' id='word_1_65' title='bbox 1283 874 1392 945; x_wconf 91' lang='lat' dir='ltr'><strong>solique</strong></span> 
     </span>
     <span class='ocr_line' id='line_1_8' title="bbox 213 964 1391 1035; baseline -0.005 -12"><span class='ocrx_word' id='word_1_66' title='bbox 213 967 324 1023; x_wconf 90' lang='lat' dir='ltr'><strong>mulieri</strong></span> <span class='ocrx_word' id='word_1_67' title='bbox 349 966 486 1020; x_wconf 83' lang='lat' dir='ltr'><strong>infensum</strong></span> <span class='ocrx_word' id='word_1_68' title='bbox 506 964 542 1019; x_wconf 95' lang='lat' dir='ltr'><strong>ob</strong></span> <span class='ocrx_word' id='word_1_69' title='bbox 561 966 742 1035; x_wconf 89' lang='lat' dir='ltr'><strong>nescioquam</strong></span> <span class='ocrx_word' id='word_1_70' title='bbox 761 980 873 1021; x_wconf 74' lang='lat' dir='ltr'><strong>cauom</strong></span> <span class='ocrx_word' id='word_1_71' title='bbox 897 967 936 1034; x_wconf 81' lang='lat' dir='ltr'><strong>(et</strong></span> <span class='ocrx_word' id='word_1_72' title='bbox 955 964 1033 1019; x_wconf 93' lang='lat' dir='ltr'><strong>mille</strong></span> <span class='ocrx_word' id='word_1_73' title='bbox 1053 981 1154 1020; x_wconf 88' lang='lat' dir='ltr'><strong>causae</strong></span> <span class='ocrx_word' id='word_1_74' title='bbox 1177 964 1245 1035; x_wconf 84' lang='lat' dir='ltr'><strong>fingi</strong></span> <span class='ocrx_word' id='word_1_75' title='bbox 1264 967 1391 1035; x_wconf 86' lang='lat' dir='ltr'><strong>possunt)</strong></span> 
     </span>
     <span class='ocr_line' id='line_1_9' title="bbox 215 1050 1391 1124; baseline -0.004 -13"><span class='ocrx_word' id='word_1_76' title='bbox 215 1056 373 1123; x_wconf 87' lang='lat' dir='ltr'><strong>iratumque</strong></span> <span class='ocrx_word' id='word_1_77' title='bbox 396 1057 510 1122; x_wconf 86' lang='lat' dir='ltr'><strong>poetam</strong></span> <span class='ocrx_word' id='word_1_78' title='bbox 536 1052 649 1123; x_wconf 91' lang='lat' dir='ltr'><strong>publice</strong></span> <span class='ocrx_word' id='word_1_79' title='bbox 673 1054 851 1124; x_wconf 78' lang='lat' dir='ltr'><strong>proposuisse</strong></span> <span class='ocrx_word' id='word_1_80' title='bbox 875 1070 988 1108; x_wconf 89' lang='lat' dir='ltr'><strong>carmen</strong></span> <span class='ocrx_word' id='word_1_81' title='bbox 1010 1054 1064 1109; x_wconf 92' lang='lat' dir='ltr'><strong>hoc</strong></span> <span class='ocrx_word' id='word_1_82' title='bbox 1083 1050 1391 1109; x_wconf 76' lang='lat' dir='ltr'><strong>maledicentissimum.</strong></span> 
     </span>
     <span class='ocr_line' id='line_1_10' title="bbox 209 1141 1390 1211; baseline -0.003 -12"><span class='ocrx_word' id='word_1_83' title='bbox 209 1147 285 1200; x_wconf 89' lang='lat' dir='ltr'><strong>recte</strong></span> <span class='ocrx_word' id='word_1_84' title='bbox 304 1143 378 1197; x_wconf 92' lang='lat' dir='ltr'><strong>euim</strong></span> <span class='ocrx_word' id='word_1_85' title='bbox 399 1142 524 1211; x_wconf 84' lang='lat' dir='ltr'><strong>Vulpius</strong></span> <span class='ocrx_word' id='word_1_86' title='bbox 544 1142 689 1197; x_wconf 86' lang='lat' dir='ltr'><strong>conferens</strong></span> <span class='ocrx_word' id='word_1_87' title='bbox 708 1161 806 1197; x_wconf 89' lang='lat' dir='ltr'><strong>uersus</strong></span> <span class='ocrx_word' id='word_1_88' title='bbox 824 1143 961 1210; x_wconf 85' lang='lat' dir='ltr'><strong>famosos,</strong></span> <span class='ocrx_word' id='word_1_89' title='bbox 980 1159 1050 1211; x_wconf 90' lang='lat' dir='ltr'><strong>quos</strong></span> <span class='ocrx_word' id='word_1_90' title='bbox 1069 1141 1140 1197; x_wconf 70' lang='lat' dir='ltr'><strong>ltali‘</strong></span> <span class='ocrx_word' id='word_1_91' title='bbox 1152 1141 1322 1196; x_wconf 88' lang='lat' dir='ltr'><strong>recentiores</strong></span> <span class='ocrx_word' id='word_1_92' title='bbox 1341 1158 1390 1195; x_wconf 90' lang='lat' dir='ltr'><strong>uo-</strong></span> 
     </span>
     <span class='ocr_line' id='line_1_11' title="bbox 210 1230 1391 1302; baseline -0.003 -15"><span class='ocrx_word' id='word_1_93' title='bbox 210 1237 276 1288; x_wconf 89' lang='lat' dir='ltr'><strong>caut</strong></span> <span class='ocrx_word' id='word_1_94' title='bbox 295 1231 499 1302; x_wconf 88' lang='lat' dir='ltr'><strong>‘pasquinate’,</strong></span> <span class='ocrx_word' id='word_1_95' title='bbox 522 1231 593 1284; x_wconf 87' lang='lat' dir='ltr'><strong>talia</strong></span> <span class='ocrx_word' id='word_1_96' title='bbox 617 1231 821 1300; x_wconf 85' lang='lat' dir='ltr'><strong>epigrammata</strong></span> <span class='ocrx_word' id='word_1_97' title='bbox 844 1230 918 1301; x_wconf 89' lang='lat' dir='ltr'><strong>apud</strong></span> <span class='ocrx_word' id='word_1_98' title='bbox 937 1230 1078 1286; x_wconf 82' lang='lat' dir='ltr'><strong>Romanos</strong></span> <span class='ocrx_word' id='word_1_99' title='bbox 1098 1248 1208 1300; x_wconf 91' lang='lat' dir='ltr'><strong>quoque</strong></span> <span class='ocrx_word' id='word_1_100' title='bbox 1227 1230 1300 1284; x_wconf 91' lang='lat' dir='ltr'><strong>clam</strong></span> <span class='ocrx_word' id='word_1_101' title='bbox 1320 1231 1391 1286; x_wconf 92' lang='lat' dir='ltr'><strong>locis</strong></span> 
     </span>
     <span class='ocr_line' id='line_1_12' title="bbox 211 1318 1393 1389; baseline 0 -14"><span class='ocrx_word' id='word_1_102' title='bbox 211 1320 399 1375; x_wconf 83' lang='lat' dir='ltr'><strong>celeberrimis</strong></span> <span class='ocrx_word' id='word_1_103' title='bbox 431 1318 577 1389; x_wconf 86' lang='lat' dir='ltr'><strong>proposita</strong></span> <span class='ocrx_word' id='word_1_104' title='bbox 607 1337 667 1373; x_wconf 90' lang='lat' dir='ltr'><strong>esse</strong></span> <span class='ocrx_word' id='word_1_105' title='bbox 697 1319 781 1374; x_wconf 84' lang='lat' dir='ltr'><strong>dixit:</strong></span> <span class='ocrx_word' id='word_1_106' title='bbox 812 1319 958 1375; x_wconf 85' lang='lat' dir='ltr'><strong>notissima</strong></span> <span class='ocrx_word' id='word_1_107' title='bbox 988 1320 1030 1374; x_wconf 88' lang='lat' dir='ltr'><strong>est</strong></span> <span class='ocrx_word' id='word_1_108' title='bbox 1062 1319 1145 1374; x_wconf 90' lang='lat' dir='ltr'><strong>hodie</strong></span> <span class='ocrx_word' id='word_1_109' title='bbox 1171 1337 1215 1374; x_wconf 88' lang='lat' dir='ltr'><strong>res</strong></span> <span class='ocrx_word' id='word_1_110' title='bbox 1240 1337 1274 1374; x_wconf 87' lang='lat' dir='ltr'><strong>ex</strong></span> <span class='ocrx_word' id='word_1_111' title='bbox 1300 1320 1393 1375; x_wconf 87' lang='lat' dir='ltr'><strong>titulis</strong></span> 
     </span>
     <span class='ocr_line' id='line_1_13' title="bbox 212 1407 1392 1478; baseline 0 -15"><span class='ocrx_word' id='word_1_112' title='bbox 212 1408 399 1478; x_wconf 80' lang='lat' dir='ltr'><strong>Pompeianis.</strong></span> <span class='ocrx_word' id='word_1_113' title='bbox 431 1407 575 1462; x_wconf 77' lang='lat' dir='ltr'><strong>‘rusulum&#39;</strong></span> <span class='ocrx_word' id='word_1_114' title='bbox 597 1408 657 1462; x_wconf 90' lang='lat' dir='ltr'><strong>siue</strong></span> <span class='ocrx_word' id='word_1_115' title='bbox 673 1407 832 1462; x_wconf 81' lang='lat' dir='ltr'><strong>‘Rufulum’</strong></span> <span class='ocrx_word' id='word_1_116' title='bbox 850 1423 915 1462; x_wconf 88' lang='lat' dir='ltr'><strong>uere</strong></span> <span class='ocrx_word' id='word_1_117' title='bbox 935 1407 1055 1463; x_wconf 83' lang='lat' dir='ltr'><strong>correxit</strong></span> <span class='ocrx_word' id='word_1_118' title='bbox 1069 1407 1227 1475; x_wconf 71' lang='lat' dir='ltr'><strong>Palladius,</strong></span> <span class='ocrx_word' id='word_1_119' title='bbox 1245 1425 1298 1463; x_wconf 88' lang='lat' dir='ltr'><strong>nec</strong></span> <span class='ocrx_word' id='word_1_120' title='bbox 1317 1407 1392 1463; x_wconf 91' lang='lat' dir='ltr'><strong>euim</strong></span> 
     </span>
     <span class='ocr_line' id='line_1_14' title="bbox 213 1495 1392 1568; baseline 0 -17"><span class='ocrx_word' id='word_1_121' title='bbox 213 1497 303 1551; x_wconf 90' lang='lat' dir='ltr'><strong>lenior</strong></span> <span class='ocrx_word' id='word_1_122' title='bbox 319 1496 483 1566; x_wconf 82' lang='lat' dir='ltr'><strong>faciliorque</strong></span> <span class='ocrx_word' id='word_1_123' title='bbox 503 1496 621 1551; x_wconf 87' lang='lat' dir='ltr'><strong>mutatio</strong></span> <span class='ocrx_word' id='word_1_124' title='bbox 641 1496 710 1567; x_wconf 88' lang='lat' dir='ltr'><strong>fingi</strong></span> <span class='ocrx_word' id='word_1_125' title='bbox 732 1500 827 1566; x_wconf 88' lang='lat' dir='ltr'><strong>potest</strong></span> <span class='ocrx_word' id='word_1_126' title='bbox 844 1498 1018 1568; x_wconf 89' lang='lat' dir='ltr'><strong>(saepissime</strong></span> <span class='ocrx_word' id='word_1_127' title='bbox 1037 1496 1108 1551; x_wconf 89' lang='lat' dir='ltr'><strong>illud</strong></span> <span class='ocrx_word' id='word_1_128' title='bbox 1130 1496 1182 1551; x_wconf 86' lang='lat' dir='ltr'><strong>‘ul&#39;</strong></span> <span class='ocrx_word' id='word_1_129' title='bbox 1203 1495 1392 1552; x_wconf 90' lang='lat' dir='ltr'><strong>deminutiuo·</strong></span> 
     </span>
     <span class='ocr_line' id='line_1_15' title="bbox 213 1583 1392 1653; baseline 0 -13"><span class='ocrx_word' id='word_1_130' title='bbox 213 1604 275 1640; x_wconf 93' lang='lat' dir='ltr'><strong>rum</strong></span> <span class='ocrx_word' id='word_1_131' title='bbox 297 1587 327 1639; x_wconf 91' lang='lat' dir='ltr'><strong>iu</strong></span> <span class='ocrx_word' id='word_1_132' title='bbox 351 1585 430 1641; x_wconf 89' lang='lat' dir='ltr'><strong>codd.</strong></span> <span class='ocrx_word' id='word_1_133' title='bbox 449 1585 577 1652; x_wconf 88' lang='lat' dir='ltr'><strong>euanuit,</strong></span> <span class='ocrx_word' id='word_1_134' title='bbox 601 1586 633 1638; x_wconf 90' lang='lat' dir='ltr'><strong>ut</strong></span> <span class='ocrx_word' id='word_1_135' title='bbox 653 1583 714 1638; x_wconf 85' lang='lat' dir='ltr'><strong>LXI</strong></span> <span class='ocrx_word' id='word_1_136' title='bbox 735 1590 785 1639; x_wconf 77' lang='lat'><strong>175</strong></span> <span class='ocrx_word' id='word_1_137' title='bbox 810 1588 839 1638; x_wconf 88' lang='lat' dir='ltr'><strong>et</strong></span> <span class='ocrx_word' id='word_1_138' title='bbox 864 1585 943 1653; x_wconf 77' lang='lat'><strong>181),·</strong></span> <span class='ocrx_word' id='word_1_139' title='bbox 965 1601 1016 1639; x_wconf 91' lang='lat' dir='ltr'><strong>uec</strong></span> <span class='ocrx_word' id='word_1_140' title='bbox 1035 1583 1252 1639; x_wconf 86' lang='lat' dir='ltr'><strong>Muuroniauum</strong></span> <span class='ocrx_word' id='word_1_141' title='bbox 1273 1585 1392 1640; x_wconf 77' lang='lat' dir='ltr'><strong>‘Rufum</strong></span> 
     </span>
     <span class='ocr_line' id='line_1_16' title="bbox 213 1672 1390 1745; baseline -0.002 -15"><span class='ocrx_word' id='word_1_142' title='bbox 213 1676 293 1730; x_wconf 88' lang='lat' dir='ltr'><strong>anus’</strong></span> <span class='ocrx_word' id='word_1_143' title='bbox 315 1674 474 1742; x_wconf 88' lang='lat' dir='ltr'><strong>similiaque</strong></span> <span class='ocrx_word' id='word_1_144' title='bbox 494 1692 584 1744; x_wconf 88' lang='lat' dir='ltr'><strong>nuper</strong></span> <span class='ocrx_word' id='word_1_145' title='bbox 603 1675 762 1745; x_wconf 88' lang='lat' dir='ltr'><strong>excogitata</strong></span> <span class='ocrx_word' id='word_1_146' title='bbox 779 1679 844 1729; x_wconf 88' lang='lat' dir='ltr'><strong>suut</strong></span> <span class='ocrx_word' id='word_1_147' title='bbox 858 1672 1078 1740; x_wconf 83' lang='lat' dir='ltr'><strong>emendationes,</strong></span> <span class='ocrx_word' id='word_1_148' title='bbox 1098 1673 1147 1727; x_wconf 87' lang='lat' dir='ltr'><strong>sed</strong></span> <span class='ocrx_word' id='word_1_149' title='bbox 1165 1672 1390 1742; x_wconf 84' lang='lat' dir='ltr'><strong>deprecationes.</strong></span> 
     </span>
     <span class='ocr_line' id='line_1_17' title="bbox 214 1759 1390 1834; baseline -0.001 -15"><span class='ocrx_word' id='word_1_150' title='bbox 214 1766 244 1819; x_wconf 88' lang='lat' dir='ltr'><strong>et</strong></span> <span class='ocrx_word' id='word_1_151' title='bbox 262 1763 349 1834; x_wconf 89' lang='lat' dir='ltr'><strong>sapit,</strong></span> <span class='ocrx_word' id='word_1_152' title='bbox 368 1762 444 1832; x_wconf 77' lang='lat' dir='ltr'><strong>quod</strong></span> <span class='ocrx_word' id='word_1_153' title='bbox 463 1761 580 1816; x_wconf 79' lang='lat' dir='ltr'><strong>maximi</strong></span> <span class='ocrx_word' id='word_1_154' title='bbox 598 1768 643 1816; x_wconf 90' lang='lat' dir='ltr'><strong>est</strong></span> <span class='ocrx_word' id='word_1_155' title='bbox 660 1763 808 1830; x_wconf 81' lang='lat' dir='ltr'><strong>momenti,</strong></span> <span class='ocrx_word' id='word_1_156' title='bbox 831 1762 903 1817; x_wconf 91' lang='lat' dir='ltr'><strong>illud</strong></span> <span class='ocrx_word' id='word_1_157' title='bbox 925 1764 1010 1833; x_wconf 87' lang='lat' dir='ltr'><strong>plane</strong></span> <span class='ocrx_word' id='word_1_158' title='bbox 1035 1761 1179 1831; x_wconf 82' lang='lat' dir='ltr'><strong>ingenium</strong></span> <span class='ocrx_word' id='word_1_159' title='bbox 1202 1759 1321 1830; x_wconf 82' lang='lat' dir='ltr'><strong>Catulli,</strong></span> <span class='ocrx_word' id='word_1_160' title='bbox 1341 1763 1390 1832; x_wconf 91' lang='lat' dir='ltr'><strong>qui</strong></span> 
     </span>
     <span class='ocr_line' id='line_1_18' title="bbox 215 1850 1391 1921; baseline 0 -16"><span class='ocrx_word' id='word_1_161' title='bbox 215 1853 275 1906; x_wconf 80' lang='lat' dir='ltr'><strong>LVl</strong></span> <span class='ocrx_word' id='word_1_162' title='bbox 295 1858 310 1904; x_wconf 88' lang='lat'><strong>3</strong></span> <span class='ocrx_word' id='word_1_163' title='bbox 331 1851 399 1907; x_wconf 80' lang='lat' dir='ltr'><strong>Octo</strong></span> <span class='ocrx_word' id='word_1_164' title='bbox 420 1851 557 1906; x_wconf 78' lang='lat' dir='ltr'><strong>Catullum</strong></span> <span class='ocrx_word' id='word_1_165' title='bbox 581 1852 732 1907; x_wconf 81' lang='lat' dir='ltr'><strong>coniunxit</strong></span> <span class='ocrx_word' id='word_1_166' title='bbox 770 1852 819 1907; x_wconf 89' lang='lat' dir='ltr'><strong>sed</strong></span> <span class='ocrx_word' id='word_1_167' title='bbox 843 1851 877 1906; x_wconf 81' lang='lat' dir='ltr'><strong>tle</strong></span> <span class='ocrx_word' id='word_1_168' title='bbox 905 1850 1136 1921; x_wconf 72' lang='lat' dir='ltr'><strong>interpretatione</strong></span> <span class='ocrx_word' id='word_1_169' title='bbox 1155 1867 1222 1905; x_wconf 89' lang='lat' dir='ltr'><strong>sane</strong></span> <span class='ocrx_word' id='word_1_170' title='bbox 1241 1851 1328 1906; x_wconf 91' lang='lat' dir='ltr'><strong>dubia</strong></span> <span class='ocrx_word' id='word_1_171' title='bbox 1347 1869 1391 1908; x_wconf 89' lang='lat' dir='ltr'><strong>res</strong></span> 
     </span>
     <span class='ocr_line' id='line_1_19' title="bbox 215 1938 1391 2011; baseline -0.001 -15"><span class='ocrx_word' id='word_1_172' title='bbox 215 1946 265 1997; x_wconf 88' lang='lat' dir='ltr'><strong>est.</strong></span> <span class='ocrx_word' id='word_1_173' title='bbox 294 1956 442 2011; x_wconf 87' lang='lat' dir='ltr'><strong>possumus</strong></span> <span class='ocrx_word' id='word_1_174' title='bbox 462 1939 587 2009; x_wconf 88' lang='lat' dir='ltr'><strong>cogitare</strong></span> <span class='ocrx_word' id='word_1_175' title='bbox 605 1941 640 1994; x_wconf 93' lang='lat' dir='ltr'><strong>de</strong></span> <span class='ocrx_word' id='word_1_176' title='bbox 659 1939 772 1994; x_wconf 89' lang='lat' dir='ltr'><strong>homine</strong></span> <span class='ocrx_word' id='word_1_177' title='bbox 790 1939 918 1995; x_wconf 89' lang='lat' dir='ltr'><strong>militari:</strong></span> <span class='ocrx_word' id='word_1_178' title='bbox 938 1938 1024 1995; x_wconf 86' lang='lat' dir='ltr'><strong>schol.</strong></span> <span class='ocrx_word' id='word_1_179' title='bbox 1039 1940 1076 1994; x_wconf 90' lang='lat' dir='ltr'><strong>ad</strong></span> <span class='ocrx_word' id='word_1_180' title='bbox 1092 1939 1147 1994; x_wconf 87' lang='lat' dir='ltr'><strong>Cic.</strong></span> <span class='ocrx_word' id='word_1_181' title='bbox 1163 1938 1240 1995; x_wconf 88' lang='lat' dir='ltr'><strong>Verr.</strong></span> <span class='ocrx_word' id='word_1_182' title='bbox 1254 1958 1282 2011; x_wconf 91' lang='lat' dir='ltr'><strong>p.</strong></span> <span class='ocrx_word' id='word_1_183' title='bbox 1299 1946 1391 2009; x_wconf 53' lang='lat' dir='ltr'><strong>142st</strong></span> 
     </span>
     <span class='ocr_line' id='line_1_20' title="bbox 215 2029 1392 2098; baseline 0.003 -16"><span class='ocrx_word' id='word_1_184' title='bbox 215 2030 286 2085; x_wconf 83' lang='lat' dir='ltr'><strong>Bait.</strong></span> <span class='ocrx_word' id='word_1_185' title='bbox 307 2031 485 2085; x_wconf 61' lang='lat' dir='ltr'><strong>tribunorum</strong></span> <span class='ocrx_word' id='word_1_186' title='bbox 508 2030 673 2083; x_wconf 77' lang='lat' dir='ltr'><strong>militariam</strong></span> <span class='ocrx_word' id='word_1_187' title='bbox 696 2030 751 2083; x_wconf 82' lang='lat' dir='ltr'><strong>duo</strong></span> <span class='ocrx_word' id='word_1_188' title='bbox 769 2045 882 2098; x_wconf 77' lang='lat' dir='ltr'><strong>persero,</strong></span> <span class='ocrx_word' id='word_1_189' title='bbox 900 2029 1023 2096; x_wconf 83' lang='lat' dir='ltr'><strong>primam</strong></span> <span class='ocrx_word' id='word_1_190' title='bbox 1041 2044 1145 2096; x_wconf 77' lang='lat' dir='ltr'><strong>comm,</strong></span> <span class='ocrx_word' id='word_1_191' title='bbox 1168 2029 1217 2097; x_wconf 79' lang='lat' dir='ltr'><strong>qai</strong></span> <span class='ocrx_word' id='word_1_192' title='bbox 1239 2029 1331 2095; x_wconf 72' lang='lat' dir='ltr'><strong>rafolt</strong></span> <span class='ocrx_word' id='word_1_193' title='bbox 1350 2031 1392 2085; x_wconf 80' lang='lat' dir='ltr'><strong>di·</strong></span> 
     </span>
     <span class='ocr_line' id='line_1_21' title="bbox 214 2114 1393 2188; baseline -0.001 -14"><span class='ocrx_word' id='word_1_194' title='bbox 214 2125 329 2184; x_wconf 83' lang='lat' dir='ltr'><strong>cantur;</strong></span> <span class='ocrx_word' id='word_1_195' title='bbox 348 2119 377 2172; x_wconf 75' lang='lat' dir='ltr'><strong>hi</strong></span> <span class='ocrx_word' id='word_1_196' title='bbox 395 2121 427 2172; x_wconf 77' lang='lat' dir='ltr'><strong>in</strong></span> <span class='ocrx_word' id='word_1_197' title='bbox 444 2120 569 2173; x_wconf 64' lang='lat' dir='ltr'><strong>censita</strong></span> <span class='ocrx_word' id='word_1_198' title='bbox 588 2118 677 2171; x_wconf 82' lang='lat' dir='ltr'><strong>creari</strong></span> <span class='ocrx_word' id='word_1_199' title='bbox 694 2119 785 2172; x_wconf 64' lang='lat' dir='ltr'><strong>sobal.</strong></span> <span class='ocrx_word' id='word_1_200' title='bbox 820 2117 862 2171; x_wconf 88' lang='lat' dir='ltr'><strong>siu</strong></span> <span class='ocrx_word' id='word_1_201' title='bbox 882 2117 977 2185; x_wconf 88' lang='lat' dir='ltr'><strong>placet</strong></span> <span class='ocrx_word' id='word_1_202' title='bbox 990 2114 1118 2185; x_wconf 88' lang='lat' dir='ltr'><strong>accipere</strong></span> <span class='ocrx_word' id='word_1_203' title='bbox 1132 2133 1183 2186; x_wconf 91' lang='lat' dir='ltr'><strong>pro</strong></span> <span class='ocrx_word' id='word_1_204' title='bbox 1201 2116 1313 2171; x_wconf 91' lang='lat' dir='ltr'><strong>nomine</strong></span> <span class='ocrx_word' id='word_1_205' title='bbox 1328 2136 1393 2188; x_wconf 91' lang='lat' dir='ltr'><strong>pro-</strong></span> 
     </span>
    </p>
   </div>
   <div class='ocr_carea' id='block_1_3' title="bbox 110 2204 1393 2279">
    <p class='ocr_par' dir='ltr' id='par_1_3' title="bbox 110 2204 1393 2279">
     <span class='ocr_line' id='line_1_22' title="bbox 110 2204 1393 2279; baseline -0.001 -17"><span class='ocrx_word' id='word_1_206' title='bbox 110 2265 113 2271; x_wconf 61' lang='lat'><strong>,</strong></span> <span class='ocrx_word' id='word_1_207' title='bbox 216 2209 285 2279; x_wconf 86' lang='lat' dir='ltr'><strong>prio,</strong></span> <span class='ocrx_word' id='word_1_208' title='bbox 305 2225 389 2276; x_wconf 92' lang='lat' dir='ltr'><strong>quam</strong></span> <span class='ocrx_word' id='word_1_209' title='bbox 408 2206 610 2276; x_wconf 84' lang='lat' dir='ltr'><strong>peruulgatam</strong></span> <span class='ocrx_word' id='word_1_210' title='bbox 633 2205 719 2260; x_wconf 83' lang='lat' dir='ltr'><strong>fuerit</strong></span> <span class='ocrx_word' id='word_1_211' title='bbox 737 2206 799 2260; x_wconf 77' lang='lat' dir='ltr'><strong>Rufi</strong></span> <span class='ocrx_word' id='word_1_212' title='bbox 819 2222 974 2275; x_wconf 79' lang='lat' dir='ltr'><strong>cognomen</strong></span> <span class='ocrx_word' id='word_1_213' title='bbox 993 2204 1195 2259; x_wconf 90' lang='lat' dir='ltr'><strong>recordandum</strong></span> <span class='ocrx_word' id='word_1_214' title='bbox 1214 2209 1270 2260; x_wconf 82' lang='lat' dir='ltr'><strong>est:</strong></span> <span class='ocrx_word' id='word_1_215' title='bbox 1291 2207 1393 2261; x_wconf 81' lang='lat' dir='ltr'><strong>‘Rusu-</strong></span> 
     </span>
    </p>
   </div>
   <div class='ocr_carea' id='block_1_4' title="bbox 214 2291 1394 3075">
    <p class='ocr_par' dir='ltr' id='par_1_4' title="bbox 214 2291 1394 3075">
     <span class='ocr_line' id='line_1_23' title="bbox 214 2291 1392 2364; baseline -0.001 -13"><span class='ocrx_word' id='word_1_216' title='bbox 214 2298 289 2354; x_wconf 69' lang='lat' dir='ltr'><strong>luml</strong></span> <span class='ocrx_word' id='word_1_217' title='bbox 305 2296 380 2351; x_wconf 91' lang='lat' dir='ltr'><strong>idem</strong></span> <span class='ocrx_word' id='word_1_218' title='bbox 399 2296 457 2350; x_wconf 85' lang='lat' dir='ltr'><strong>lere</strong></span> <span class='ocrx_word' id='word_1_219' title='bbox 484 2295 608 2350; x_wconf 88' lang='lat' dir='ltr'><strong>sonuisse</strong></span> <span class='ocrx_word' id='word_1_220' title='bbox 632 2295 743 2350; x_wconf 90' lang='lat' dir='ltr'><strong>uidetur</strong></span> <span class='ocrx_word' id='word_1_221' title='bbox 761 2312 847 2364; x_wconf 87' lang='lat' dir='ltr'><strong>quam</strong></span> <span class='ocrx_word' id='word_1_222' title='bbox 867 2293 991 2350; x_wconf 81' lang='lat' dir='ltr'><strong>‘Gaium’</strong></span> <span class='ocrx_word' id='word_1_223' title='bbox 1012 2297 1062 2348; x_wconf 88' lang='lat' dir='ltr'><strong>aut</strong></span> <span class='ocrx_word' id='word_1_224' title='bbox 1082 2291 1197 2348; x_wconf 88' lang='lat' dir='ltr'><strong>‘Titium</strong></span> <span class='ocrx_word' id='word_1_225' title='bbox 1216 2294 1392 2350; x_wconf 87' lang='lat' dir='ltr'><strong>delicatum&#39;.</strong></span> 
     </span>
     <span class='ocr_line' id='line_1_24' title="bbox 215 2383 1391 2455; baseline -0.001 -14"><span class='ocrx_word' id='word_1_226' title='bbox 215 2384 302 2441; x_wconf 85' lang='lat' dir='ltr'><strong>etiam</strong></span> <span class='ocrx_word' id='word_1_227' title='bbox 324 2385 359 2439; x_wconf 89' lang='lat' dir='ltr'><strong>de</strong></span> <span class='ocrx_word' id='word_1_228' title='bbox 378 2385 452 2438; x_wconf 84' lang='lat' dir='ltr'><strong>Rufa</strong></span> <span class='ocrx_word' id='word_1_229' title='bbox 476 2385 552 2438; x_wconf 90' lang='lat' dir='ltr'><strong>haud</strong></span> <span class='ocrx_word' id='word_1_230' title='bbox 576 2383 708 2438; x_wconf 86' lang='lat' dir='ltr'><strong>inscitum</strong></span> <span class='ocrx_word' id='word_1_231' title='bbox 732 2384 935 2438; x_wconf 79' lang='lat' dir='ltr'><strong>dubitationem</strong></span> <span class='ocrx_word' id='word_1_232' title='bbox 959 2383 1050 2437; x_wconf 90' lang='lat' dir='ltr'><strong>mouit</strong></span> <span class='ocrx_word' id='word_1_233' title='bbox 1072 2400 1161 2453; x_wconf 90' lang='lat' dir='ltr'><strong>nuper</strong></span> <span class='ocrx_word' id='word_1_234' title='bbox 1185 2383 1283 2438; x_wconf 83' lang='lat' dir='ltr'><strong>Munro</strong></span> <span class='ocrx_word' id='word_1_235' title='bbox 1308 2383 1391 2455; x_wconf 90' lang='lat' dir='ltr'><strong>[eluc.</strong></span> 
     </span>
     <span class='ocr_line' id='line_1_25' title="bbox 214 2471 1394 2545; baseline 0.002 -18"><span class='ocrx_word' id='word_1_236' title='bbox 214 2493 240 2543; x_wconf 93' lang='lat' dir='ltr'><strong>p.</strong></span> <span class='ocrx_word' id='word_1_237' title='bbox 262 2474 339 2545; x_wconf 79' lang='lat'><strong>134],</strong></span> <span class='ocrx_word' id='word_1_238' title='bbox 368 2472 415 2527; x_wconf 91' lang='lat' dir='ltr'><strong>hic</strong></span> <span class='ocrx_word' id='word_1_239' title='bbox 443 2489 553 2543; x_wconf 89' lang='lat' dir='ltr'><strong>qnoque</strong></span> <span class='ocrx_word' id='word_1_240' title='bbox 584 2474 618 2527; x_wconf 91' lang='lat' dir='ltr'><strong>de</strong></span> <span class='ocrx_word' id='word_1_241' title='bbox 646 2472 772 2542; x_wconf 89' lang='lat' dir='ltr'><strong>epitheto</strong></span> <span class='ocrx_word' id='word_1_242' title='bbox 797 2471 925 2542; x_wconf 83' lang='lat' dir='ltr'><strong>cogitans</strong></span> <span class='ocrx_word' id='word_1_243' title='bbox 949 2474 979 2526; x_wconf 88' lang='lat' dir='ltr'><strong>et</strong></span> <span class='ocrx_word' id='word_1_244' title='bbox 1002 2475 1033 2525; x_wconf 90' lang='lat' dir='ltr'><strong>ut</strong></span> <span class='ocrx_word' id='word_1_245' title='bbox 1057 2471 1172 2526; x_wconf 87' lang='lat' dir='ltr'><strong>doceret</strong></span> <span class='ocrx_word' id='word_1_246' title='bbox 1194 2471 1271 2526; x_wconf 89' lang='lat' dir='ltr'><strong>rubri</strong></span> <span class='ocrx_word' id='word_1_247' title='bbox 1295 2472 1394 2543; x_wconf 90' lang='lat' dir='ltr'><strong>capilli</strong></span> 
     </span>
     <span class='ocr_line' id='line_1_26' title="bbox 214 2560 1392 2632; baseline 0.001 -16"><span class='ocrx_word' id='word_1_248' title='bbox 214 2562 342 2616; x_wconf 91' lang='lat' dir='ltr'><strong>homiues</strong></span> <span class='ocrx_word' id='word_1_249' title='bbox 360 2560 389 2615; x_wconf 90' lang='lat' dir='ltr'><strong>iu</strong></span> <span class='ocrx_word' id='word_1_250' title='bbox 409 2565 573 2632; x_wconf 89' lang='lat' dir='ltr'><strong>contemptu</strong></span> <span class='ocrx_word' id='word_1_251' title='bbox 588 2562 673 2616; x_wconf 89' lang='lat' dir='ltr'><strong>etiam</strong></span> <span class='ocrx_word' id='word_1_252' title='bbox 690 2562 765 2631; x_wconf 90' lang='lat' dir='ltr'><strong>apud</strong></span> <span class='ocrx_word' id='word_1_253' title='bbox 780 2561 921 2616; x_wconf 87' lang='lat' dir='ltr'><strong>Romanos</strong></span> <span class='ocrx_word' id='word_1_254' title='bbox 936 2560 1022 2615; x_wconf 88' lang='lat' dir='ltr'><strong>luisse</strong></span> <span class='ocrx_word' id='word_1_255' title='bbox 1037 2576 1201 2629; x_wconf 88' lang='lat' dir='ltr'><strong>comparans</strong></span> <span class='ocrx_word' id='word_1_256' title='bbox 1215 2560 1294 2616; x_wconf 90' lang='lat' dir='ltr'><strong>locos</strong></span> <span class='ocrx_word' id='word_1_257' title='bbox 1308 2567 1392 2620; x_wconf 89' lang='lat' dir='ltr'><strong>notos</strong></span> 
     </span>
     <span class='ocr_line' id='line_1_27' title="bbox 215 2646 1394 2719; baseline 0 -14"><span class='ocrx_word' id='word_1_258' title='bbox 215 2652 306 2705; x_wconf 86' lang='lat' dir='ltr'><strong>Plaut.</strong></span> <span class='ocrx_word' id='word_1_259' title='bbox 327 2650 402 2704; x_wconf 79' lang='lat' dir='ltr'><strong>Asin.</strong></span> <span class='ocrx_word' id='word_1_260' title='bbox 422 2649 447 2703; x_wconf 91' lang='grc' dir='ltr'><strong>ΙΙ</strong></span> <span class='ocrx_word' id='word_1_261' title='bbox 466 2656 496 2717; x_wconf 84' lang='grc'><strong>3,</strong></span> <span class='ocrx_word' id='word_1_262' title='bbox 515 2656 563 2717; x_wconf 77' lang='lat'><strong>20,</strong></span> <span class='ocrx_word' id='word_1_263' title='bbox 582 2650 643 2705; x_wconf 82' lang='lat' dir='ltr'><strong>Ter.</strong></span> <span class='ocrx_word' id='word_1_264' title='bbox 663 2651 764 2705; x_wconf 88' lang='lat' dir='ltr'><strong>Heaut.</strong></span> <span class='ocrx_word' id='word_1_265' title='bbox 785 2651 810 2705; x_wconf 84' lang='lat' dir='ltr'>V</span> <span class='ocrx_word' id='word_1_266' title='bbox 829 2656 858 2718; x_wconf 85' lang='lat'><strong>5,</strong></span> <span class='ocrx_word' id='word_1_267' title='bbox 880 2656 921 2716; x_wconf 81' lang='lat'><strong>17,</strong></span> <span class='ocrx_word' id='word_1_268' title='bbox 942 2649 1022 2702; x_wconf 83' lang='lat' dir='ltr'><strong>Mart.</strong></span> <span class='ocrx_word' id='word_1_269' title='bbox 1043 2646 1068 2701; x_wconf 93' lang='lat' dir='ltr'><strong>lI</strong></span> <span class='ocrx_word' id='word_1_270' title='bbox 1086 2654 1135 2716; x_wconf 78' lang='lat'><strong>32,</strong></span> <span class='ocrx_word' id='word_1_271' title='bbox 1155 2655 1170 2702; x_wconf 80' lang='lat'><strong>2</strong></span> <span class='ocrx_word' id='word_1_272' title='bbox 1191 2651 1220 2703; x_wconf 90' lang='lat' dir='ltr'><strong>et</strong></span> <span class='ocrx_word' id='word_1_273' title='bbox 1238 2649 1290 2704; x_wconf 86' lang='lat' dir='ltr'><strong>XII</strong></span> <span class='ocrx_word' id='word_1_274' title='bbox 1309 2657 1394 2719; x_wconf 80' lang='grc'><strong>32,4</strong></span> 
     </span>
     <span class='ocr_line' id='line_1_28' title="bbox 215 2737 1393 2809; baseline 0.001 -16"><span class='ocrx_word' id='word_1_275' title='bbox 215 2743 244 2793; x_wconf 91' lang='lat' dir='ltr'><strong>et</strong></span> <span class='ocrx_word' id='word_1_276' title='bbox 263 2746 309 2806; x_wconf 76' lang='lat' dir='ltr'><strong>bt,</strong></span> <span class='ocrx_word' id='word_1_277' title='bbox 331 2744 358 2803; x_wconf 71' lang='lat'><strong>13</strong></span> <span class='ocrx_word' id='word_1_278' title='bbox 378 2739 452 2791; x_wconf 89' lang='lat' dir='ltr'><strong>addo</strong></span> <span class='ocrx_word' id='word_1_279' title='bbox 473 2739 617 2792; x_wconf 88' lang='lat' dir='ltr'><strong>conferens</strong></span> <span class='ocrx_word' id='word_1_280' title='bbox 641 2738 693 2792; x_wconf 87' lang='lat' dir='ltr'><strong>illa</strong></span> <span class='ocrx_word' id='word_1_281' title='bbox 713 2737 927 2793; x_wconf 80' lang='lat' dir='ltr'><strong>‘Nomentanus’</strong></span> <span class='ocrx_word' id='word_1_282' title='bbox 950 2741 979 2792; x_wconf 89' lang='lat' dir='ltr'><strong>et</strong></span> <span class='ocrx_word' id='word_1_283' title='bbox 999 2737 1185 2792; x_wconf 79' lang='lat' dir='ltr'><strong>‘Formiauus&#39;</strong></span> <span class='ocrx_word' id='word_1_284' title='bbox 1207 2738 1255 2807; x_wconf 85' lang='lat' dir='ltr'><strong>(ad</strong></span> <span class='ocrx_word' id='word_1_285' title='bbox 1273 2738 1337 2793; x_wconf 81' lang='lat' dir='ltr'><strong>XLI</strong></span> <span class='ocrx_word' id='word_1_286' title='bbox 1356 2745 1393 2809; x_wconf 81' lang='lat'><strong>4),</strong></span> 
     </span>
     <span class='ocr_line' id='line_1_29' title="bbox 215 2825 1394 2896; baseline 0.003 -15"><span class='ocrx_word' id='word_1_287' title='bbox 215 2827 398 2895; x_wconf 83' lang='lat' dir='ltr'><strong>contemptim</strong></span> <span class='ocrx_word' id='word_1_288' title='bbox 418 2844 435 2880; x_wconf 87' lang='lat' dir='ltr'><strong>a</strong></span> <span class='ocrx_word' id='word_1_289' title='bbox 454 2825 536 2896; x_wconf 90' lang='lat' dir='ltr'><strong>plebe</strong></span> <span class='ocrx_word' id='word_1_290' title='bbox 555 2826 688 2881; x_wconf 78' lang='lat' dir='ltr'><strong>feminam</strong></span> <span class='ocrx_word' id='word_1_291' title='bbox 704 2828 855 2881; x_wconf 89' lang='lat' dir='ltr'><strong>secuudum</strong></span> <span class='ocrx_word' id='word_1_292' title='bbox 869 2828 991 2896; x_wconf 88' lang='lat' dir='ltr'><strong>patriam</strong></span> <span class='ocrx_word' id='word_1_293' title='bbox 1008 2827 1115 2881; x_wconf 86' lang='lat' dir='ltr'><strong>uocari:</strong></span> <span class='ocrx_word' id='word_1_294' title='bbox 1136 2826 1203 2881; x_wconf 83' lang='lat' dir='ltr'><strong>‘ista</strong></span> <span class='ocrx_word' id='word_1_295' title='bbox 1217 2844 1251 2881; x_wconf 87' lang='lat' dir='ltr'><strong>ex</strong></span> <span class='ocrx_word' id='word_1_296' title='bbox 1265 2827 1394 2884; x_wconf 88' lang='lat' dir='ltr'><strong>Bononia</strong></span> 
     </span>
     <span class='ocr_line' id='line_1_30' title="bbox 215 2914 1393 2985; baseline 0.003 -16"><span class='ocrx_word' id='word_1_297' title='bbox 215 2915 314 2970; x_wconf 90' lang='lat' dir='ltr'><strong>mulier</strong></span> <span class='ocrx_word' id='word_1_298' title='bbox 339 2916 422 2970; x_wconf 83' lang='lat' dir='ltr'><strong>rule’.</strong></span> <span class='ocrx_word' id='word_1_299' title='bbox 460 2918 570 2982; x_wconf 88' lang='lat' dir='ltr'><strong>contra,</strong></span> <span class='ocrx_word' id='word_1_300' title='bbox 598 2914 622 2967; x_wconf 92' lang='lat' dir='ltr'><strong>si</strong></span> <span class='ocrx_word' id='word_1_301' title='bbox 642 2916 746 2968; x_wconf 75' lang='lat' dir='ltr'><strong>‘linfa&#39;</strong></span> <span class='ocrx_word' id='word_1_302' title='bbox 775 2933 825 2985; x_wconf 91' lang='lat' dir='ltr'><strong>pro</strong></span> <span class='ocrx_word' id='word_1_303' title='bbox 852 2915 965 2970; x_wconf 91' lang='lat' dir='ltr'><strong>nomine</strong></span> <span class='ocrx_word' id='word_1_304' title='bbox 991 2915 1104 2985; x_wconf 90' lang='lat' dir='ltr'><strong>proprio</strong></span> <span class='ocrx_word' id='word_1_305' title='bbox 1128 2915 1276 2985; x_wconf 88' lang='lat' dir='ltr'><strong>habemus,</strong></span> <span class='ocrx_word' id='word_1_306' title='bbox 1300 2918 1393 2973; x_wconf 89' lang='lat' dir='ltr'><strong>additi</strong></span> 
     </span>
     <span class='ocr_line' id='line_1_31' title="bbox 217 3003 1391 3075; baseline 0.003 -17"><span class='ocrx_word' id='word_1_307' title='bbox 217 3005 434 3060; x_wconf 79' lang='lat' dir='ltr'><strong>‘Bononiensis’</strong></span> <span class='ocrx_word' id='word_1_308' title='bbox 456 3004 526 3058; x_wconf 88' lang='lat' dir='ltr'><strong>haec</strong></span> <span class='ocrx_word' id='word_1_309' title='bbox 545 3005 598 3058; x_wconf 91' lang='lat' dir='ltr'><strong>erit</strong></span> <span class='ocrx_word' id='word_1_310' title='bbox 617 3005 659 3058; x_wconf 91' lang='lat' dir='ltr'><strong>uis</strong></span> <span class='ocrx_word' id='word_1_311' title='bbox 679 3005 841 3073; x_wconf 82' lang='lat' dir='ltr'><strong>‘peregrina</strong></span> <span class='ocrx_word' id='word_1_312' title='bbox 866 3004 916 3057; x_wconf 87' lang='lat' dir='ltr'><strong>illu</strong></span> <span class='ocrx_word' id='word_1_313' title='bbox 934 3003 1021 3070; x_wconf 86' lang='lat' dir='ltr'><strong>Rufa,</strong></span> <span class='ocrx_word' id='word_1_314' title='bbox 1047 3022 1080 3059; x_wconf 83' lang='lat' dir='ltr'><strong>ex</strong></span> <span class='ocrx_word' id='word_1_315' title='bbox 1099 3003 1226 3060; x_wconf 91' lang='lat' dir='ltr'><strong>Bououia</strong></span> <span class='ocrx_word' id='word_1_316' title='bbox 1244 3023 1317 3075; x_wconf 90' lang='lat' dir='ltr'><strong>quas</strong></span> <span class='ocrx_word' id='word_1_317' title='bbox 1336 3008 1391 3062; x_wconf 91' lang='lat' dir='ltr'><strong>huc</strong></span> 
     </span>
    </p>
   </div>
   <div class='ocr_carea' id='block_1_5' title="bbox 215 3091 1395 3430">
    <p class='ocr_par' dir='ltr' id='par_1_5' title="bbox 215 3091 1395 3430">
     <span class='ocr_line' id='line_1_32' title="bbox 215 3091 1393 3166; baseline 0.005 -20"><span class='ocrx_word' id='word_1_318' title='bbox 215 3094 356 3158; x_wconf 85' lang='lat' dir='ltr'><strong>aduenit&#39;‚</strong></span> <span class='ocrx_word' id='word_1_319' title='bbox 377 3091 435 3146; x_wconf 89' lang='lat' dir='ltr'><strong>siue</strong></span> <span class='ocrx_word' id='word_1_320' title='bbox 455 3092 560 3147; x_wconf 83' lang='lat' dir='ltr'><strong>Itomae</strong></span> <span class='ocrx_word' id='word_1_321' title='bbox 584 3092 643 3147; x_wconf 90' lang='lat' dir='ltr'><strong>siue</strong></span> <span class='ocrx_word' id='word_1_322' title='bbox 668 3093 762 3162; x_wconf 89' lang='lat' dir='ltr'><strong>potius</strong></span> <span class='ocrx_word' id='word_1_323' title='bbox 783 3094 909 3148; x_wconf 85' lang='lat' dir='ltr'><strong>Veronae</strong></span> <span class='ocrx_word' id='word_1_324' title='bbox 934 3095 1019 3163; x_wconf 91' lang='lat' dir='ltr'><strong>poeta</strong></span> <span class='ocrx_word' id='word_1_325' title='bbox 1041 3094 1093 3148; x_wconf 87' lang='lat' dir='ltr'><strong>hos</strong></span> <span class='ocrx_word' id='word_1_326' title='bbox 1118 3110 1214 3149; x_wconf 87' lang='lat' dir='ltr'><strong>uersus</strong></span> <span class='ocrx_word' id='word_1_327' title='bbox 1238 3096 1393 3166; x_wconf 84' lang='lat' dir='ltr'><strong>proposuit</strong></span> 
     </span>
     <span class='ocr_line' id='line_1_33' title="bbox 216 3181 1393 3251; baseline 0.006 -18"><span class='ocrx_word' id='word_1_328' title='bbox 216 3182 289 3249; x_wconf 89' lang='lat' dir='ltr'><strong>quod</strong></span> <span class='ocrx_word' id='word_1_329' title='bbox 309 3181 331 3235; x_wconf 91' lang='lat' dir='ltr'><strong>si</strong></span> <span class='ocrx_word' id='word_1_330' title='bbox 351 3182 468 3250; x_wconf 89' lang='lat' dir='ltr'><strong>accipis,</strong></span> <span class='ocrx_word' id='word_1_331' title='bbox 493 3197 560 3234; x_wconf 86' lang='lat' dir='ltr'><strong>caue</strong></span> <span class='ocrx_word' id='word_1_332' title='bbox 585 3199 620 3236; x_wconf 90' lang='lat' dir='ltr'><strong>ne</strong></span> <span class='ocrx_word' id='word_1_333' title='bbox 640 3181 743 3250; x_wconf 91' lang='lat' dir='ltr'><strong>Vulpio</strong></span> <span class='ocrx_word' id='word_1_334' title='bbox 768 3182 899 3250; x_wconf 83' lang='lat' dir='ltr'><strong>accedes,</strong></span> <span class='ocrx_word' id='word_1_335' title='bbox 924 3183 972 3251; x_wconf 91' lang='lat' dir='ltr'><strong>qui</strong></span> <span class='ocrx_word' id='word_1_336' title='bbox 996 3184 1068 3238; x_wconf 90' lang='lat' dir='ltr'><strong>hauc</strong></span> <span class='ocrx_word' id='word_1_337' title='bbox 1092 3185 1215 3238; x_wconf 88' lang='lat' dir='ltr'><strong>nostram</strong></span> <span class='ocrx_word' id='word_1_338' title='bbox 1234 3183 1337 3239; x_wconf 82' lang='lat' dir='ltr'><strong>Italam</strong></span> <span class='ocrx_word' id='word_1_339' title='bbox 1357 3185 1393 3240; x_wconf 88' lang='lat' dir='ltr'><strong>ad</strong></span> 
     </span>
     <span class='ocr_line' id='line_1_34' title="bbox 215 3268 1393 3340; baseline 0.005 -17"><span class='ocrx_word' id='word_1_340' title='bbox 215 3269 337 3324; x_wconf 89' lang='lat' dir='ltr'><strong>nobilem</strong></span> <span class='ocrx_word' id='word_1_341' title='bbox 357 3268 436 3324; x_wconf 85' lang='lat' dir='ltr'><strong>illam</strong></span> <span class='ocrx_word' id='word_1_342' title='bbox 461 3270 600 3324; x_wconf 80' lang='lat' dir='ltr'><strong>familiam</strong></span> <span class='ocrx_word' id='word_1_343' title='bbox 618 3271 753 3324; x_wconf 83' lang='lat' dir='ltr'><strong>ltulorum</strong></span> <span class='ocrx_word' id='word_1_344' title='bbox 777 3272 945 3340; x_wconf 85' lang='lat' dir='ltr'><strong>pertinuisse</strong></span> <span class='ocrx_word' id='word_1_345' title='bbox 970 3271 1057 3338; x_wconf 84' lang='lat' dir='ltr'><strong>dixit,</strong></span> <span class='ocrx_word' id='word_1_346' title='bbox 1081 3271 1116 3326; x_wconf 86' lang='lat' dir='ltr'><strong>de</strong></span> <span class='ocrx_word' id='word_1_347' title='bbox 1140 3289 1195 3340; x_wconf 87' lang='lat' dir='ltr'><strong>qua</strong></span> <span class='ocrx_word' id='word_1_348' title='bbox 1213 3272 1294 3327; x_wconf 82' lang='lat' dir='ltr'><strong>Mart</strong></span> <span class='ocrx_word' id='word_1_349' title='bbox 1314 3273 1339 3326; x_wconf 90' lang='lat' dir='ltr'>V</span> <span class='ocrx_word' id='word_1_350' title='bbox 1359 3278 1393 3329; x_wconf 78' lang='lat'><strong>86</strong></span> 
     </span>
     <span class='ocr_line' id='line_1_35' title="bbox 217 3359 1395 3430; baseline 0.005 -19"><span class='ocrx_word' id='word_1_351' title='bbox 217 3359 353 3429; x_wconf 75' lang='lat' dir='ltr'><strong>loquitur3</strong></span> <span class='ocrx_word' id='word_1_352' title='bbox 368 3376 440 3427; x_wconf 90' lang='lat' dir='ltr'><strong>quae</strong></span> <span class='ocrx_word' id='word_1_353' title='bbox 451 3359 546 3428; x_wconf 90' lang='lat' dir='ltr'><strong>opinio</strong></span> <span class='ocrx_word' id='word_1_354' title='bbox 557 3359 586 3413; x_wconf 92' lang='lat' dir='ltr'><strong>iu</strong></span> <span class='ocrx_word' id='word_1_355' title='bbox 601 3361 680 3414; x_wconf 90' lang='lat' dir='ltr'><strong>tanta</strong></span> <span class='ocrx_word' id='word_1_356' title='bbox 691 3366 719 3414; x_wconf 87' lang='lat' dir='ltr'><strong>et</strong></span> <span class='ocrx_word' id='word_1_357' title='bbox 730 3359 864 3416; x_wconf 81' lang='lat' dir='ltr'><strong>Italorum</strong></span> <span class='ocrx_word' id='word_1_358' title='bbox 877 3360 1027 3416; x_wconf 87' lang='lat' dir='ltr'><strong>crebritate</strong></span> <span class='ocrx_word' id='word_1_359' title='bbox 1043 3362 1071 3414; x_wconf 90' lang='lat' dir='ltr'><strong>et</strong></span> <span class='ocrx_word' id='word_1_360' title='bbox 1085 3362 1243 3430; x_wconf 88' lang='lat' dir='ltr'><strong>temporum</strong></span> <span class='ocrx_word' id='word_1_361' title='bbox 1258 3360 1395 3417; x_wconf 87' lang='lat' dir='ltr'><strong>distantia</strong></span> 
     </span>
    </p>
   </div>
   <div class='ocr_carea' id='block_1_6' title="bbox 216 3448 1394 4408">
    <p class='ocr_par' dir='ltr' id='par_1_6' title="bbox 216 3448 1394 4408">
     <span class='ocr_line' id='line_1_36' title="bbox 217 3448 1393 3519; baseline 0.004 -18"><span class='ocrx_word' id='word_1_362' title='bbox 217 3465 251 3502; x_wconf 89' lang='lat' dir='ltr'><strong>ne</strong></span> <span class='ocrx_word' id='word_1_363' title='bbox 276 3449 403 3504; x_wconf 85' lang='lat' dir='ltr'><strong>umbram</strong></span> <span class='ocrx_word' id='word_1_364' title='bbox 428 3448 541 3517; x_wconf 87' lang='lat' dir='ltr'><strong>quidem</strong></span> <span class='ocrx_word' id='word_1_365' title='bbox 565 3448 818 3504; x_wconf 88' lang='lat' dir='ltr'><strong>uerisimilitudinis</strong></span> <span class='ocrx_word' id='word_1_366' title='bbox 843 3450 941 3519; x_wconf 89' lang='lat' dir='ltr'><strong>habet,</strong></span> <span class='ocrx_word' id='word_1_367' title='bbox 964 3467 1026 3504; x_wconf 91' lang='lat' dir='ltr'><strong>cum</strong></span> <span class='ocrx_word' id='word_1_368' title='bbox 1047 3449 1213 3519; x_wconf 84' lang='lat' dir='ltr'><strong>praesertim</strong></span> <span class='ocrx_word' id='word_1_369' title='bbox 1232 3449 1278 3505; x_wconf 90' lang='lat' dir='ltr'><strong>hic</strong></span> <span class='ocrx_word' id='word_1_370' title='bbox 1298 3450 1333 3506; x_wconf 86' lang='lat' dir='ltr'><strong>de</strong></span> <span class='ocrx_word' id='word_1_371' title='bbox 1352 3453 1393 3506; x_wconf 89' lang='lat' dir='ltr'><strong>irr-</strong></span> 
     </span>
     <span class='ocr_line' id='line_1_37' title="bbox 216 3538 1393 3610; baseline 0.003 -19"><span class='ocrx_word' id='word_1_372' title='bbox 216 3539 298 3592; x_wconf 87' lang='lat' dir='ltr'><strong>limae</strong></span> <span class='ocrx_word' id='word_1_373' title='bbox 322 3539 404 3593; x_wconf 87' lang='lat' dir='ltr'><strong>sortis</strong></span> <span class='ocrx_word' id='word_1_374' title='bbox 428 3538 533 3592; x_wconf 88' lang='lat' dir='ltr'><strong>femina</strong></span> <span class='ocrx_word' id='word_1_375' title='bbox 557 3538 604 3606; x_wconf 92' lang='lat' dir='ltr'><strong>agi</strong></span> <span class='ocrx_word' id='word_1_376' title='bbox 628 3538 774 3606; x_wconf 90' lang='lat' dir='ltr'><strong>sequeutia</strong></span> <span class='ocrx_word' id='word_1_377' title='bbox 799 3540 926 3594; x_wconf 85' lang='lat' dir='ltr'><strong>doceant.</strong></span> <span class='ocrx_word' id='word_1_378' title='bbox 964 3538 1105 3610; x_wconf 88' lang='lat' dir='ltr'><strong>duplicem</strong></span> <span class='ocrx_word' id='word_1_379' title='bbox 1128 3538 1216 3608; x_wconf 80' lang='lat' dir='ltr'><strong>igitur</strong></span> <span class='ocrx_word' id='word_1_380' title='bbox 1234 3539 1393 3609; x_wconf 85' lang='lat' dir='ltr'><strong>explicandi</strong></span> 
     </span>
     <span class='ocr_line' id='line_1_38' title="bbox 216 3625 1394 3698; baseline 0.004 -19"><span class='ocrx_word' id='word_1_381' title='bbox 216 3627 355 3680; x_wconf 85' lang='lat' dir='ltr'><strong>rationem</strong></span> <span class='ocrx_word' id='word_1_382' title='bbox 374 3626 445 3680; x_wconf 92' lang='lat' dir='ltr'><strong>inire</strong></span> <span class='ocrx_word' id='word_1_383' title='bbox 465 3625 540 3692; x_wconf 90' lang='lat' dir='ltr'><strong>licet,</strong></span> <span class='ocrx_word' id='word_1_384' title='bbox 559 3627 588 3679; x_wconf 90' lang='lat' dir='ltr'><strong>iu</strong></span> <span class='ocrx_word' id='word_1_385' title='bbox 608 3644 724 3695; x_wconf 90' lang='lat' dir='ltr'><strong>quarum</strong></span> <span class='ocrx_word' id='word_1_386' title='bbox 743 3629 861 3697; x_wconf 90' lang='lat' dir='ltr'><strong>utraque</strong></span> <span class='ocrx_word' id='word_1_387' title='bbox 876 3631 1060 3698; x_wconf 76' lang='grc' dir='ltr'><strong><em>παρωνυμίας</em></strong></span> <span class='ocrx_word' id='word_1_388' title='bbox 1074 3628 1151 3682; x_wconf 85' lang='lat' dir='ltr'><strong>lusus</strong></span> <span class='ocrx_word' id='word_1_389' title='bbox 1164 3629 1274 3697; x_wconf 88' lang='lat' dir='ltr'><strong>integer</strong></span> <span class='ocrx_word' id='word_1_390' title='bbox 1288 3633 1394 3698; x_wconf 88' lang='lat' dir='ltr'><strong>manet,</strong></span> 
     </span>
     <span class='ocr_line' id='line_1_39' title="bbox 217 3714 1393 3786; baseline 0.006 -20"><span class='ocrx_word' id='word_1_391' title='bbox 217 3718 268 3767; x_wconf 87' lang='lat' dir='ltr'><strong>aut</strong></span> <span class='ocrx_word' id='word_1_392' title='bbox 288 3714 372 3769; x_wconf 80' lang='lat' dir='ltr'><strong>‘Rufa</strong></span> <span class='ocrx_word' id='word_1_393' title='bbox 391 3715 536 3770; x_wconf 79' lang='lat' dir='ltr'><strong>Rufulum’</strong></span> <span class='ocrx_word' id='word_1_394' title='bbox 558 3720 608 3770; x_wconf 91' lang='lat' dir='ltr'><strong>aut</strong></span> <span class='ocrx_word' id='word_1_395' title='bbox 627 3717 700 3770; x_wconf 74' lang='lat' dir='ltr'><strong>‘rufa</strong></span> <span class='ocrx_word' id='word_1_396' title='bbox 718 3716 851 3771; x_wconf 83' lang='lat' dir='ltr'><strong>rusulum’</strong></span> <span class='ocrx_word' id='word_1_397' title='bbox 873 3718 1028 3772; x_wconf 88' lang='lat' dir='ltr'><strong>scribendo.</strong></span> <span class='ocrx_word' id='word_1_398' title='bbox 1062 3716 1192 3784; x_wconf 88' lang='lat' dir='ltr'><strong>equidem</strong></span> <span class='ocrx_word' id='word_1_399' title='bbox 1212 3733 1298 3786; x_wconf 89' lang='lat' dir='ltr'><strong>quam</strong></span> <span class='ocrx_word' id='word_1_400' title='bbox 1316 3718 1393 3773; x_wconf 84' lang='lat' dir='ltr'><strong>uiam</strong></span> 
     </span>
     <span class='ocr_line' id='line_1_40' title="bbox 216 3803 1393 3876; baseline 0.006 -21"><span class='ocrx_word' id='word_1_401' title='bbox 216 3803 307 3855; x_wconf 87' lang='lat' dir='ltr'><strong>ineam</strong></span> <span class='ocrx_word' id='word_1_402' title='bbox 335 3803 435 3858; x_wconf 91' lang='lat' dir='ltr'><strong>dubius</strong></span> <span class='ocrx_word' id='word_1_403' title='bbox 461 3806 577 3872; x_wconf 83' lang='lat' dir='ltr'><strong>haereo,</strong></span> <span class='ocrx_word' id='word_1_404' title='bbox 605 3822 668 3858; x_wconf 90' lang='lat' dir='ltr'><strong>cum</strong></span> <span class='ocrx_word' id='word_1_405' title='bbox 695 3823 784 3860; x_wconf 87' lang='lat' dir='ltr'><strong>rerum</strong></span> <span class='ocrx_word' id='word_1_406' title='bbox 812 3823 883 3874; x_wconf 76' lang='lat' dir='ltr'><strong>&lt;quae</strong></span> <span class='ocrx_word' id='word_1_407' title='bbox 911 3807 955 3860; x_wconf 90' lang='lat' dir='ltr'><strong>hio</strong></span> <span class='ocrx_word' id='word_1_408' title='bbox 982 3808 1137 3875; x_wconf 84' lang='lat' dir='ltr'><strong>tanguntur</strong></span> <span class='ocrx_word' id='word_1_409' title='bbox 1163 3804 1281 3860; x_wconf 85' lang='lat' dir='ltr'><strong>scientia</strong></span> <span class='ocrx_word' id='word_1_410' title='bbox 1307 3805 1393 3876; x_wconf 89' lang='lat' dir='ltr'><strong>plane</strong></span> 
     </span>
     <span class='ocr_line' id='line_1_41' title="bbox 217 3891 1393 3966; baseline 0.003 -21"><span class='ocrx_word' id='word_1_411' title='bbox 217 3892 303 3945; x_wconf 88' lang='lat' dir='ltr'><strong>simus</strong></span> <span class='ocrx_word' id='word_1_412' title='bbox 323 3891 465 3959; x_wconf 80' lang='lat' dir='ltr'><strong>destituti3</strong></span> <span class='ocrx_word' id='word_1_413' title='bbox 484 3893 519 3946; x_wconf 86' lang='lat' dir='ltr'><strong>ad</strong></span> <span class='ocrx_word' id='word_1_414' title='bbox 539 3894 655 3948; x_wconf 89' lang='lat' dir='ltr'><strong>alteram</strong></span> <span class='ocrx_word' id='word_1_415' title='bbox 676 3894 812 3949; x_wconf 88' lang='lat' dir='ltr'><strong>rationem</strong></span> <span class='ocrx_word' id='word_1_416' title='bbox 832 3894 921 3963; x_wconf 86' lang='lat' dir='ltr'><strong>magis</strong></span> <span class='ocrx_word' id='word_1_417' title='bbox 947 3912 990 3949; x_wconf 91' lang='lat' dir='ltr'><strong>me</strong></span> <span class='ocrx_word' id='word_1_418' title='bbox 1009 3894 1144 3949; x_wconf 87' lang='lat' dir='ltr'><strong>inclinare</strong></span> <span class='ocrx_word' id='word_1_419' title='bbox 1163 3894 1268 3959; x_wconf 80' lang='lat' dir='ltr'><strong>fateor,</strong></span> <span class='ocrx_word' id='word_1_420' title='bbox 1288 3896 1393 3966; x_wconf 89' lang='lat' dir='ltr'><strong>quippe</strong></span> 
     </span>
     <span class='ocr_line' id='line_1_42' title="bbox 216 3980 1393 4053; baseline 0.006 -20"><span class='ocrx_word' id='word_1_421' title='bbox 216 3997 273 4049; x_wconf 87' lang='lat' dir='ltr'><strong>qua</strong></span> <span class='ocrx_word' id='word_1_422' title='bbox 291 3980 402 4050; x_wconf 86' lang='lat' dir='ltr'><strong>planius</strong></span> <span class='ocrx_word' id='word_1_423' title='bbox 423 3983 567 4052; x_wconf 88' lang='lat' dir='ltr'><strong>appareat,</strong></span> <span class='ocrx_word' id='word_1_424' title='bbox 587 3983 726 4037; x_wconf 89' lang='lat' dir='ltr'><strong>homiuem</strong></span> <span class='ocrx_word' id='word_1_425' title='bbox 742 3984 835 4051; x_wconf 88' lang='lat' dir='ltr'><strong>istum,</strong></span> <span class='ocrx_word' id='word_1_426' title='bbox 855 3983 1023 4052; x_wconf 85' lang='lat' dir='ltr'><strong>quicumque</strong></span> <span class='ocrx_word' id='word_1_427' title='bbox 1042 3982 1136 4050; x_wconf 82' lang='lat' dir='ltr'><strong>fuerit,</strong></span> <span class='ocrx_word' id='word_1_428' title='bbox 1155 3999 1210 4037; x_wconf 90' lang='lat' dir='ltr'><strong>nou</strong></span> <span class='ocrx_word' id='word_1_429' title='bbox 1225 3988 1340 4052; x_wconf 85' lang='lat' dir='ltr'><strong>propter</strong></span> <span class='ocrx_word' id='word_1_430' title='bbox 1355 4002 1393 4053; x_wconf 91' lang='lat' dir='ltr'><strong>se,</strong></span> 
     </span>
     <span class='ocr_line' id='line_1_43' title="bbox 217 4070 1394 4130; baseline 0.007 -9"><span class='ocrx_word' id='word_1_431' title='bbox 217 4070 266 4123; x_wconf 88' lang='lat' dir='ltr'><strong>sed</strong></span> <span class='ocrx_word' id='word_1_432' title='bbox 291 4071 327 4124; x_wconf 95' lang='lat' dir='ltr'><strong>ob</strong></span> <span class='ocrx_word' id='word_1_433' title='bbox 350 4070 440 4124; x_wconf 86' lang='lat' dir='ltr'><strong>solnm</strong></span> <span class='ocrx_word' id='word_1_434' title='bbox 465 4070 554 4124; x_wconf 88' lang='lat' dir='ltr'><strong>lusum</strong></span> <span class='ocrx_word' id='word_1_435' title='bbox 580 4072 747 4125; x_wconf 85' lang='lat' dir='ltr'><strong>accersitum</strong></span> <span class='ocrx_word' id='word_1_436' title='bbox 772 4089 840 4126; x_wconf 89' lang='lat' dir='ltr'><strong>esse.</strong></span> <span class='ocrx_word' id='word_1_437' title='bbox 878 4071 926 4124; x_wconf 90' lang='lat' dir='ltr'><strong>sed</strong></span> <span class='ocrx_word' id='word_1_438' title='bbox 950 4073 1022 4126; x_wconf 89' lang='lat' dir='ltr'><strong>hanc</strong></span> <span class='ocrx_word' id='word_1_439' title='bbox 1047 4072 1107 4126; x_wconf 89' lang='lat' dir='ltr'><strong>siue</strong></span> <span class='ocrx_word' id='word_1_440' title='bbox 1126 4071 1227 4126; x_wconf 81' lang='lat' dir='ltr'><strong>Rosam</strong></span> <span class='ocrx_word' id='word_1_441' title='bbox 1248 4072 1307 4127; x_wconf 89' lang='lat' dir='ltr'><strong>siue</strong></span> <span class='ocrx_word' id='word_1_442' title='bbox 1325 4089 1394 4130; x_wconf 90' lang='lat' dir='ltr'><strong>uero</strong></span> 
     </span>
     <span class='ocr_line' id='line_1_44' title="bbox 217 4158 1393 4231; baseline 0.005 -19"><span class='ocrx_word' id='word_1_443' title='bbox 217 4158 362 4212; x_wconf 86' lang='lat' dir='ltr'><strong>mulierem</strong></span> <span class='ocrx_word' id='word_1_444' title='bbox 382 4159 473 4213; x_wconf 80' lang='lat' dir='ltr'><strong>rufam</strong></span> <span class='ocrx_word' id='word_1_445' title='bbox 493 4159 621 4215; x_wconf 85' lang='lat' dir='ltr'><strong>Catullus</strong></span> <span class='ocrx_word' id='word_1_446' title='bbox 646 4161 687 4214; x_wconf 90' lang='lat' dir='ltr'><strong>ita</strong></span> <span class='ocrx_word' id='word_1_447' title='bbox 706 4163 897 4230; x_wconf 87' lang='lat' dir='ltr'><strong>contemptam</strong></span> <span class='ocrx_word' id='word_1_448' title='bbox 916 4159 1029 4231; x_wconf 88' lang='lat' dir='ltr'><strong>publice</strong></span> <span class='ocrx_word' id='word_1_449' title='bbox 1049 4161 1155 4228; x_wconf 89' lang='lat' dir='ltr'><strong>reddit,</strong></span> <span class='ocrx_word' id='word_1_450' title='bbox 1175 4164 1207 4213; x_wconf 90' lang='lat' dir='ltr'><strong>ut</strong></span> <span class='ocrx_word' id='word_1_451' title='bbox 1224 4159 1393 4218; x_wconf 79' lang='lat' dir='ltr'><strong>fellatricem</strong></span> 
     </span>
     <span class='ocr_line' id='line_1_45' title="bbox 217 4248 1393 4319; baseline 0.006 -19"><span class='ocrx_word' id='word_1_452' title='bbox 217 4249 312 4314; x_wconf 86' lang='lat' dir='ltr'><strong>uocet,</strong></span> <span class='ocrx_word' id='word_1_453' title='bbox 332 4249 358 4304; x_wconf 93' lang='lat' dir='ltr'><strong>h.</strong></span> <span class='ocrx_word' id='word_1_454' title='bbox 379 4265 401 4301; x_wconf 92' lang='lat' dir='ltr'><strong>e.</strong></span> <span class='ocrx_word' id='word_1_455' title='bbox 422 4248 584 4319; x_wconf 84' lang='lat' dir='ltr'><strong>turpissimo</strong></span> <span class='ocrx_word' id='word_1_456' title='bbox 603 4251 700 4319; x_wconf 86' lang='lat' dir='ltr'><strong>generi</strong></span> <span class='ocrx_word' id='word_1_457' title='bbox 719 4249 867 4305; x_wconf 90' lang='lat' dir='ltr'><strong>libidinum</strong></span> <span class='ocrx_word' id='word_1_458' title='bbox 887 4249 1100 4318; x_wconf 88' lang='lat' dir='ltr'><strong>inseruientem,</strong></span> <span class='ocrx_word' id='word_1_459' title='bbox 1120 4249 1185 4303; x_wconf 90' lang='lat' dir='ltr'><strong>dum</strong></span> <span class='ocrx_word' id='word_1_460' title='bbox 1205 4249 1287 4305; x_wconf 83' lang='lat' dir='ltr'><strong>uirile</strong></span> <span class='ocrx_word' id='word_1_461' title='bbox 1306 4268 1393 4307; x_wconf 85' lang='lat' dir='ltr'><strong>meur-</strong></span> 
     </span>
     <span class='ocr_line' id='line_1_46' title="bbox 217 4337 1393 4408; baseline 0.008 -19"><span class='ocrx_word' id='word_1_462' title='bbox 217 4337 296 4389; x_wconf 88' lang='lat' dir='ltr'><strong>brum</strong></span> <span class='ocrx_word' id='word_1_463' title='bbox 316 4337 344 4390; x_wconf 91' lang='lat' dir='ltr'><strong>iu</strong></span> <span class='ocrx_word' id='word_1_464' title='bbox 365 4354 395 4391; x_wconf 91' lang='lat' dir='ltr'><strong>os</strong></span> <span class='ocrx_word' id='word_1_465' title='bbox 414 4355 525 4391; x_wconf 86' lang='lat' dir='ltr'><strong>sumens</strong></span> <span class='ocrx_word' id='word_1_466' title='bbox 544 4339 670 4407; x_wconf 87' lang='lat' dir='ltr'><strong>sugendo</strong></span> <span class='ocrx_word' id='word_1_467' title='bbox 695 4337 796 4392; x_wconf 83' lang='lat' dir='ltr'><strong>titillat</strong></span> <span class='ocrx_word' id='word_1_468' title='bbox 820 4339 1004 4408; x_wconf 86' lang='lat' dir='ltr'><strong>uoluptatem.</strong></span> <span class='ocrx_word' id='word_1_469' title='bbox 1041 4341 1074 4391; x_wconf 91' lang='lat' dir='ltr'><strong>ut</strong></span> <span class='ocrx_word' id='word_1_470' title='bbox 1091 4337 1235 4394; x_wconf 83' lang='lat' dir='ltr'><strong>fellatores</strong></span> <span class='ocrx_word' id='word_1_471' title='bbox 1254 4340 1300 4393; x_wconf 81' lang='lat' dir='ltr'><strong>ita·</strong></span> <span class='ocrx_word' id='word_1_472' title='bbox 1313 4341 1393 4398; x_wconf 69' lang='lat' dir='ltr'><strong>fella</strong></span> 
     </span>
    </p>
   </div>
   <div class='ocr_carea' id='block_1_7' title="bbox 0 0 1480 4912">
    <p class='ocr_par' dir='ltr' id='par_1_7' title="bbox 0 0 1480 4912">
     <span class='ocr_line' id='line_1_47' title="bbox 0 0 1480 4912; baseline 0 0"><span class='ocrx_word' id='word_1_473' title='bbox 0 0 1480 4912; x_wconf 95' lang='lat' dir='ltr'><strong> </strong></span> 
     </span>
    </p>
   </div>
  </div>
 </body>
</html>
