2940 4912
685 321 763 377 xxss
781 327 805 378 s.
952 387 957 396 ,
1267 326 1330 392 15τ

156 479 343 551 inponendae.
379 498 448 537 nam
466 481 675 551 neglegentiae,
695 500 780 551 quam
799 498 867 536 sane
886 481 948 536 ‘sic’
968 482 1109 538 interdum
1128 485 1268 555 exprimit,
1286 486 1333 541 hic

155 572 212 626 ism
236 588 296 626 non
318 587 381 626 esse
405 572 499 626 locum
521 588 586 626 mox
608 573 774 627 uidebimur.
811 589 864 626 nec
887 572 970 639 bene,
995 571 1020 626 si
1043 572 1110 641 quid
1135 573 1239 641 sentio,
1262 574 1332 628 haec

156 660 243 715 uerba
261 658 352 715 etim
370 660 495 730 pendent
512 678 530 715 a
549 661 656 729 ‘puto’r
681 662 794 716 derecta
817 661 872 716 iam
891 661 1017 716 oratione
1041 666 1086 717 eat
1103 678 1186 732 opus,
1205 663 1234 716 in
1253 663 1332 716 cuins

153 749 236 804 initio
254 765 314 804 uon
332 749 417 803 facile
435 751 479 817 <ut
496 767 561 804 mox
576 748 606 804 in
620 750 841 820 enumeratione)
861 751 959 806 abesse
978 754 1076 820 potest
1089 752 1204 806 uerbum
1221 751 1332 806 finitum

153 842 251 907 (snpra
268 855 297 907 p.
311 841 369 907 4⁹).
408 837 433 893 V
451 839 539 894 habet
558 839 627 906 ‘sit’,
647 841 722 908 quod
741 857 775 894 ex
792 839 869 894 mals
887 840 1030 910 sequentis
1050 840 1102 893 ‘fit’
1124 839 1332 894 adsimilatione

153 943 185 980 ex
207 927 291 981 ‘stit’
317 929 410 982 ortum
430 929 512 995 puto:
538 928 605 983 ‘nec
628 932 705 996 aunt,
729 932 761 983 nt
778 929 822 997 fit,
844 971 868 983 ..
887 930 1004 984 relata’.
1041 933 1085 984 eat
1102 932 1197 984 antem
1217 928 1332 998 ‘palim-

154 1016 290 1084 pseatua’,
309 1020 343 1070 ut
360 1016 444 1072 docet
461 1018 589 1084 etymon,
613 1017 820 1086 membrana*),
843 1017 873 1070 in
891 1034 948 1087 qua
966 1035 1038 1087 quae
1057 1017 1163 1087 scripta
1181 1018 1263 1071 erant
1279 1017 1331 1073 ite·

153 1122 214 1158 rum
232 1108 301 1160 runt
319 1106 421 1160 abrasa
439 1107 476 1161 ad
495 1107 566 1161 alias
579 1107 690 1160 litteras
707 1106 894 1176 recipiendas;
914 1124 997 1175 porro
1012 1124 1095 1162 sensu
1114 1105 1214 1161 latiore
1228 1106 1331 1162 dicitur

152 1193 267 1249 omnino
291 1195 467 1263 membrana,
491 1211 562 1264 quae
587 1195 691 1250 iterum
714 1196 812 1250 abradi
834 1196 937 1265 potest.
974 1195 1004 1250 id
1027 1197 1182 1265 quaeritur,
1201 1196 1331 1266 quianam

152 1283 231 1339 illius
250 1301 319 1338 usus
337 1284 384 1339 hic
407 1284 538 1354 fingatur.
575 1284 746 1340 membranis
769 1284 924 1339 utebantur
946 1285 1110 1355 scriptores,
1130 1302 1203 1354 qnae
1221 1285 1331 1355 excipe·

151 1376 217 1428 rent
233 1373 343 1444 primos
360 1373 464 1428 mentis
478 1373 629 1428 instinctas
643 1374 832 1444 patientiaque
847 1375 932 1429 letus:
948 1373 1129 1444 patiebantur
1142 1375 1209 1429 illae
1223 1374 1330 1441 limam,

151 1480 209 1532 qua
230 1463 261 1517 in
286 1462 392 1518 iustam
415 1463 466 1517 hoa
490 1462 607 1516 formam
631 1462 799 1533 redigebant
816 1467 959 1528 auctorem
985 1463 1151 1519 dicebantur
1168 1464 1221 1519 bae
1244 1480 1331 1518 mern·

150 1552 255 1607 liram
280 1551 476 1621 (Hor.th
501 1558 566 1619 8,7
593 1555 623 1606 et
645 1569 669 1606 a
693 1570 720 1622 p.
735 1556 789 1606 388
803 1554 854 1621 sq.)
878 1550 963 1606 etiam
990 1549 1175 1621 ‘pugillares’
1201 1551 1286 1621 (XLII
1305 1560 1331 1620 ὁ,

152 1640 236 1696 lart
251 1639 317 1696 XIV
333 1645 361 1710 7)
378 1641 439 1697 siue
459 1640 606 1696 ‘codicilli'
628 1640 713 1709 (XLII
734 1643 788 1712 11).
816 1641 851 1695 de
870 1642 914 1696 his
933 1658 989 1697 non
1007 1657 1090 1711 posse
1109 1641 1235 1712 cogitari,
1255 1641 1329 1696 ultro

151 1733 281 1801 apparet.
317 1746 383 1784 nam
405 1746 442 1786 uc
464 1729 652 1800 pugillaribus
675 1730 789 1798 quidem
802 1718 950 1784 'Suffenum
973 1748 1055 1784 usum
1074 1746 1148 1798 csse,
1172 1730 1221 1784 sed
1243 1731 1329 1785 ‘stau-

149 1823 208 1875 teur
226 1820 301 1889 pede
319 1821 349 1874 iu
371 1821 439 1874 uno’
460 1819 581 1874 dictasse
605 1817 731 1874 carmina
749 1835 811 1885 sua,
832 1836 903 1886 quoe
923 1818 1019 1873 statim
1038 1818 1171 1873 ascribis
1190 1818 1328 1887 excipien-

150 1909 227 1965 tibus
245 1910 277 1964 in
296 1925 418 1980 papyros
438 1907 668 1976 transferrentur,
692 1908 721 1962 id
740 1923 807 1961 nero
831 1924 882 1977 per
904 1924 933 1962 se
952 1906 1057 1976 oppido
1075 1906 1252 1977 inprobabile
1271 1911 1326 1974 est;

149 1997 239 2053 immo
256 1999 393 2067 quoniam
413 1997 591 2068 ‘perscripta'
613 1996 719 2066 optime
738 1997 775 2051 ad
801 1996 954 2066 pugillaria
971 1996 1104 2061 refertur,
1123 1996 1152 2050 id
1171 1997 1248 2066 quod
1266 2014 1329 2067 pro·

150 2104 279 2157 greum
303 2087 444 2156 quendam
472 2087 590 2142 denotat
613 2086 735 2141 ‘relata'
762 2084 1011 2155 interpretabimur
1039 2086 1075 2138 de
1100 2086 1276 2155 transcriptis
1300 2086 1329 2140 in

150 2192 225 2231 aon
241 2176 417 2246 exemplaria
434 2175 573 2246 poematis
592 2175 795 2245 (germanicum
814 2174 1020 2243 ‘reinscbritt’).
1048 2178 1081 2228 ut
1096 2175 1152 2230 hoo
1170 2175 1267 2230 statim
1282 2176 1328 2230 hio

149 2267 265 2321 addam:
290 2271 350 2321 tarn
373 2266 517 2321 comtauti
539 2283 592 2320 usu
613 2265 731 2321 ‘reterre
749 2264 795 2319 in’
816 2283 879 2320 cnm
904 2264 1067 2320 accusatiuo
1086 2264 1212 2333 iungitur
1231 2263 1326 2333 (Mser.

150 2353 200 2409 vn
220 2363 269 2423 1⁶,
288 2362 305 2409 a
327 2358 361 2410 iss
383 2357 468 2411 libros
490 2357 628 2422 retulisse,
651 2353 706 2410 Cic.
726 2354 799 2408 Phil.
819 2355 831 2406 1
857 2361 939 2423 8,1s
962 2355 1056 2424 siquid
1077 2355 1220 2408 meritoriae
1243 2370 1328 2409 causo

149 2445 265 2499 mallit
282 2445 316 2498 ia
333 2444 469 2511 libellam,
487 2443 543 2499 Cic.
562 2462 590 2514 p.
604 2443 686 2498 Rosc.
702 2442 777 2498 Com.
797 2449 811 2496 1
827 2460 886 2512 sqq.
906 2445 938 2498 io
957 2445 1073 2500 codicem
1091 2444 1203 2510 referre,
1223 2441 1327 2496 similia

150 2535 263 2602 muta),
292 2536 323 2587 ut
349 2533 494 2589 ablatiuus
520 2533 735 2603 ‘palimpsesto’
769 2536 890 2600 nequeat
921 2533 995 2590 ferri.
1037 2550 1087 2603 pro
1114 2548 1170 2600 quo
1196 2531 1327 2587 Heinsius

149 2622 241 2678 uoluit
259 2622 497 2694 ‘palimpseatum’
516 2622 600 2693 (male
620 2622 734 2677 lachin.
751 2622 987 2691 ‘palimpseston',
1007 2625 1104 2677 contra
1122 2621 1227 2676 Catulli
1245 2640 1326 2676 nsum

149 2728 283 2781 prmum
307 2711 414 2766 exitum
440 2713 590 2766 restituens
620 2712 650 2765 in
677 2728 745 2766 noce
771 2711 876 2765 dudum
902 2729 920 2766 a
945 2711 1078 2766 Romanis
1107 2714 1245 2781 recepta),
1271 2728 1325 2783 ego

149 2802 255 2856 leniore
274 2802 365 2855 multo
384 2800 495 2855 medela
517 2801 626 2855 restitui
648 2799 868 2870 ‘palimpsestos’
890 2800 1041 2868 pluralem,
1061 2815 1145 2867 quem
1164 2800 1324 2870 oppositum

150 2891 267 2946 ‘cartae'
294 2889 352 2945 sere
374 2891 491 2960 flagitat
530 2891 603 2944 male
628 2890 700 2944 enim
724 2889 853 2944 nonnulli
876 2889 968 2958 ipsum
997 2889 1110 2944 ‘relata'
1136 2891 1326 2945 attrectabant

148 2978 353 3047 (Frceblichius
374 2980 506 3047 ‘notata’‚
531 2980 649 3048 Heysins
671 2978 791 3033 ‘relicta'
813 2995 997 3048 proposuere,
1016 2981 1048 3032 ut
1067 2978 1179 3034 mittam
1197 2978 1324 3048 Rittium,

148 3071 367 3124 coniectatorem
396 3069 636 3136 infelicissimum).
678 3069 714 3123 ad
742 3069 918 3137 propositum
945 3072 978 3121 ut
1004 3067 1129 3135 redeam,
1157 3070 1324 3125 transcribe·

147 3159 250 3214 bantur
272 3159 303 3213 in
326 3175 400 3213 noua
423 3158 593 3228 exemplaria
611 3156 716 3211 Suffeui
742 3160 874 3226 poemata
897 3157 1029 3210 nimirum
1052 3157 1169 3213 edenda.
1208 3159 1260 3213 ‘at'
1282 3159 1322 3213 in·

148 3250 226 3316 quies
245 3248 461 3303 ‘emittebantur
479 3248 585 3317 scripta
610 3247 645 3302 ad
665 3247 816 3302 editionem
836 3250 946 3301 matura
965 3263 1021 3300 non
1040 3248 1068 3301 in
1088 3247 1166 3302 libris
1185 3248 1323 3303 membra-

147 3339 251 3405 naceis,
278 3338 328 3392 aed
356 3337 513 3392 cartaoeia’.
551 3337 696 3391 latendum
722 3339 776 3403 est,
803 3353 853 3389 nos
880 3338 915 3388 de
940 3353 969 3390 re
994 3336 1120 3404 libraria,
1145 3338 1265 3391 maxime
1290 3356 1323 3392 ea

147 3445 218 3496 quae
241 3431 310 3483 ante
330 3427 450 3497 Augusti
474 3445 574 3482 aenum
598 3429 671 3493 erat,
695 3430 754 3481 tarn
779 3443 869 3495 pauca
894 3426 978 3493 scire,
1003 3430 1035 3479 ut
1053 3427 1121 3479 certi
1141 3426 1248 3493 aliquid
1267 3429 1322 3482 sta-

146 3530 224 3572 tuere
249 3535 308 3572 non
333 3517 426 3572 liceat.
464 3534 535 3587 quae
558 3533 602 3571 res
625 3519 687 3571 tota
711 3516 796 3570 etiam
820 3518 885 3585 post
908 3515 989 3570 Birtii
1013 3515 1103 3569 multa
1127 3513 1241 3568 confuse
1265 3518 1321 3569 tur·

147 3609 240 3662 tantis
264 3607 359 3678 potius
383 3624 468 3676 quam
492 3608 664 3662 enucleantis
688 3606 790 3660 librum
816 3606 877 3659 ‘daa
901 3604 996 3659 antike
1015 3604 1197 3659 Buchwesen'
1219 3606 1320 3674 (Berol.

148 3703 243 3766 1882),
270 3698 346 3752 unde
372 3698 476 3767 pendet
499 3696 696 3765 Marquardtus
723 3695 828 3763 antiqq.
853 3695 923 3764 prin.
947 3694 991 3747 11¹
1017 3713 1043 3763 p.
1063 3700 1113 3749 777
1130 3713 1203 3763 sqq,
1230 3693 1321 3750 denuo

91 3842 98 3858 ,
144 3788 260 3843 tractari
276 3789 406 3841 meretur.
436 3787 521 3840 fuisso
536 3787 586 3840 illo
600 3789 726 3855 tempore
740 3788 769 3839 ct
782 3784 839 3839 iam
855 3787 939 3839 antea
953 3787 1064 3853 praeter
1077 3785 1204 3839 Atticum
1219 3785 1321 3840 biblio-

214 3935 242 4001 ⁸)
269 3932 345 3986 male
373 3932 474 4000 putant
501 3934 608 3985 cartam
635 3946 822 3999 papyraceam
847 3945 957 3997 quoquo
982 3927 1121 3982 interdum
1146 3947 1197 3999 pro
1221 3928 1321 3998 palim-

145 4016 240 4083 pasato
258 4011 359 4076 tuisse;
384 4009 500 4064 uetabat
522 4010 575 4065 hoo
595 4009 724 4064 nimirum
748 4008 810 4078 ipsa
828 4009 928 4078 papyri
947 4010 1054 4063 natura.
1093 4012 1183 4063 cartae
1203 4010 1258 4062 iam
1280 4009 1320 4062 in·

145 4093 228 4148 utiles
246 4092 291 4147 ita
309 4089 441 4145 nimirum
459 4089 534 4144 haud
554 4107 615 4144 raro
640 4090 824 4156 adhibebant,
850 4093 880 4142 ut
899 4090 928 4143 in
946 4093 1026 4158 parte
1046 4105 1145 4144 auersa
1166 4090 1321 4143 scriberent

145 4174 186 4237 get.
207 4177 239 4228 et
257 4169 333 4226 XCV
352 4174 389 4238 8).
426 4169 455 4223 in
473 4170 535 4225 loco
560 4172 644 4225 etiam
665 4171 720 4224 Cic.
740 4171 775 4224 ad
795 4169 860 4223 fam.
881 4168 1114 4237 V1118,2nom
1132 4170 1203 4238 qood
1223 4171 1252 4221 in
1268 4188 1319 4238 po-

145 4253 295 4324 tamio,
322 4252 407 4305 laudo
433 4253 553 4319 equidem
575 4253 789 4320 parsimoniam,
817 4252 863 4304 sed
884 4252 969 4305 miror
993 4251 1061 4319 quid
1084 4253 1114 4302 ia
1137 4251 1187 4303 illo
1210 4253 1321 4304 cartalo

143 4336 242 4402 furit,
262 4333 339 4403 qaod
356 4332 443 4386 delere
461 4334 591 4387 malueris
613 4333 647 4386 de
667 4332 830 4386 membrana
853 4334 896 4384 ost
915 4331 1095 4401 cogitandum
1115 4331 1320 4386 nonobstante

143 4414 192 4470 illo
211 4413 361 4479 ‘ararat
380 4410 459 4467 cuins
479 4413 564 4466 latins
583 4414 663 4481 patet
679 4429 754 4466 usus.
