2940 4912
202 304 267 368 516
698 301 772 358 xcv
793 309 869 360 1-3.

198 466 365 535 intellegens
388 465 505 535 Pompei
528 481 642 519 uxorem
667 463 802 533 Muciam,
826 464 861 519 de
885 481 942 533 qua
964 463 1047 533 plura
1069 461 1106 517 ad
1125 462 1211 517 CXIII
1234 462 1375 519 dabimus.

199 555 281 632 huius
305 571 319 607 c
343 552 453 624 uulgari
477 552 706 624 pronuntiatione
729 554 775 621 (cl.
795 554 831 607 ad
850 552 928 607 XVII
948 557 975 622 1)
999 552 1092 606 dictae
1112 551 1243 606 ‘Moenia’
1270 570 1376 608 nomen

198 661 249 714 par
268 647 328 697 erat
347 642 459 713 plebem
484 643 635 696 secundum
659 642 780 696 feminae
804 641 893 696 uitam
918 642 1081 711 probrosam
1100 641 1243 696 deriuasse
1262 657 1280 694 a
1299 657 1375 695 moe-

199 732 301 787 chandi
320 733 419 799 uerbo,
438 731 523 785 simili
542 749 605 786 cunr
625 731 798 802 etymologia
815 748 872 800 qna
890 730 926 784 ab
946 729 1027 784 ‘olla’
1048 730 1191 784 deriuanit
1210 729 1324 798 ‘olera’,
1343 731 1374 783 et

198 821 263 875 binc
282 821 360 876 illam
384 820 543 892 appellasse
563 819 745 876 ‘Moechula'.
783 821 854 875 haec
878 818 1027 874 ‘Mentula’
1054 822 1083 872 et
1103 818 1275 873 ‘Moechula’
1296 817 1376 872 iuxta

198 927 304 981 ponens
328 912 413 979 poeta
436 909 646 964 acerbissimum
670 909 762 965 iocum
786 909 914 964 omnibus
938 910 967 963 et
986 906 1198 962 allitterationia
1216 910 1246 962 et
1263 907 1376 962 derina·

198 999 284 1055 tionis
303 999 409 1053 salibus
428 999 655 1053 commendatum
674 1000 795 1053 iocatur:
820 998 947 1053 Mentula
965 997 1129 1052 moechatur
1153 997 1278 1066 (etquid
1297 995 1376 1050 aliud

198 1088 235 1142 ab
255 1089 320 1142 ‘ista
339 1087 472 1142 diffututa
491 1087 629 1141 mentula’
651 1091 745 1156 potest
763 1086 948 1156 expectent),
968 1085 1131 1140 moechatur
1155 1084 1241 1140 etiam
1266 1085 1377 1139 Moenia

199 1178 262 1244 (uec
277 1176 306 1230 in
323 1177 408 1244 hanc,
427 1178 460 1230 ut
473 1177 567 1245 ipsum
582 1192 684 1229 nomen
699 1175 818 1243 indicat,
837 1175 916 1230 aliud
930 1175 1084 1245 quidquam
1099 1173 1254 1241 conuenit),
1274 1172 1376 1242 quodsi

198 1267 346 1334 reputatur
373 1282 390 1318 a
418 1264 545 1319 Mentula
574 1265 739 1320 moechante
766 1263 900 1320 didicisse
923 1264 1060 1319 Mocciam
1087 1263 1228 1318 moechari
1257 1261 1376 1332 (CXIII),

199 1356 318 1424 apparet
337 1356 387 1408 aut
405 1370 541 1422 nusquam
562 1356 611 1407 aut
629 1353 675 1407 hic
695 1351 788 1408 ualere
808 1352 879 1408 illud
900 1353 929 1408 ‘i
945 1370 970 1409 o.
986 1370 1011 1408 o.
1030 1353 1061 1407 l.’
1092 1352 1155 1421 sed,
1173 1354 1206 1406 ut
1224 1350 1296 1420 dixi,
1316 1368 1374 1406 cer·

199 1443 255 1496 tius
275 1443 309 1497 de
329 1443 382 1496 hac
401 1460 430 1496 re
448 1442 572 1496 iudicare
591 1440 702 1508 liceret,
729 1441 752 1496 si
775 1443 809 1496 de
833 1458 914 1497 sensu
933 1440 1076 1512 prouerbii
1095 1457 1192 1495 omnes
1216 1442 1313 1495 essent
1330 1457 1375 1494 ex·

200 1532 311 1600 emptae
339 1528 538 1585 dubitationes.
586 1532 711 1585 ceterum
740 1531 838 1585 ‘certe’
869 1529 982 1602 (cxxx
1007 1532 1034 1598 ὅ)
1062 1529 1137 1583 traxi
1163 1529 1199 1582 ad
1229 1528 1377 1596 sequentia

200 1622 313 1675 anctore
332 1618 493 1674 HAKochio
518 1620 619 1691 [symb.
639 1620 737 1690 philol.
758 1620 844 1675 Bonn.
864 1638 892 1689 p.
909 1620 991 1694 ¹320];
1015 1619 1107 1673 minus
1130 1616 1201 1673 bene
1225 1616 1262 1671 ad
1281 1617 1377 1687 priora

202 1707 327 1762 referunt
344 1707 440 1778 uulgo.

739 1863 837 1920 XCV.

274 1975 301 2032 1.
321 1975 451 2044 Zmyrna
470 1975 529 2030 mel
549 1975 671 2031 Cinnae.
700 1992 812 2030 carmen
831 1974 889 2036 cari
910 1975 951 2030 sni
966 1975 1071 2030 sodalis
1085 1975 1131 2043 (dc
1147 1974 1225 2029 ‘mei’
1242 1974 1277 2029 of.
1293 1991 1376 2043 supra

200 2083 227 2133 p.
243 2070 259 2118 9
276 2065 345 2132 not.)
365 2065 393 2118 C.
413 2063 507 2118 Heluii
526 2064 645 2134 Cinnae,
663 2064 698 2120 de
718 2082 773 2134 quo
793 2065 827 2120 ci.
848 2065 1000 2119 Teuffelius
1018 2064 1100 2118 HLR.
1124 2069 1140 2129 ς
1162 2068 1229 2132 213,
1249 2062 1376 2116 Catullus

202 2152 329 2207 celebrat
346 2169 423 2207 more
441 2156 501 2207 tum
522 2154 638 2222 uulgato
657 2155 732 2224 apud
757 2150 823 2216 τούς
841 2153 997 2223 νεωτέρους
1017 2155 1081 2222 (hoc
1100 2169 1210 2222 quoqne
1229 2152 1266 2207 ad
1285 2169 1377 2208 exem-

200 2241 279 2310 plum
309 2240 574 2309 Alexandrinorum,
604 2241 640 2298 ci.
671 2242 780 2298 Callim.
804 2242 892 2313 epigr.
916 2248 963 2310 29,
988 2248 1004 2296 8
1028 2242 1110 2297 Schn.
1139 2243 1249 2312 χαίρετε
1278 2240 1377 2296 laurnl

200 2327 308 2400 όήσιες,
326 2326 437 2399 Ἀρὴωυ
456 2328 592 2400 σύγγονοι
611 2327 779 2402 ἅγρυπνίῃ);
802 2332 836 2386 cf.
861 2331 936 2402 apud
956 2331 1031 2386 Suet
1051 2331 1139 2402 dgr.
1159 2337 1190 2383 11
1215 2329 1331 2385 Ticidae
1350 2333 1377 2385 et

201 2417 306 2473 Cinnae
330 2419 365 2473 de
385 2417 501 2473 Catonis
525 2420 695 2475 carminibus
718 2421 956 2491 praedicationes,
980 2420 1061 2489 Prop.
1081 2420 1106 2473 II
1126 2425 1173 2487 al,
1193 2424 1227 2473 65
1252 2423 1283 2474 et
1304 2419 1378 2474 intra

201 2509 237 2562 ad
249 2527 282 2562 .u.
303 2515 327 2562 6.
364 2510 537 2562 enatantem
558 2509 611 2562 hoc
631 2509 811 2578 opusculum,
831 2508 876 2564 cni
894 2508 1059 2578 inscriptum
1078 2511 1141 2562 erat
1159 2507 1303 2576 ‘Zmyrna’
1326 2509 1377 2578 (sic

202 2597 303 2649 melius
324 2596 456 2650 scribitur
475 2614 558 2666 quam
580 2598 736 2666 ‘Smyma’;
755 2598 790 2652 ct‘.
810 2597 830 2651 l.
850 2597 881 2653 R.
902 2597 936 2651 N.
958 2598 1046 2665 1798),
1065 2596 1189 2666 epyllion
1209 2596 1378 2652 hexametris

202 2685 404 2754 couscriptum,
427 2686 503 2753 quod
528 2686 563 2739 ab
587 2686 697 2742 ambitu
720 2704 782 2741 cum
807 2685 912 2741 Catulli
935 2703 958 2740 e.
980 2685 1065 2739 LXIV
1090 2686 1246 2755 comparari
1269 2688 1377 2756 potest3

204 2773 354 2828 ‘libellum’
376 2777 460 2829 uocat
480 2775 556 2829 Seru.
577 2776 612 2829 ad
632 2776 682 2830 ecl.
699 2783 723 2843 9,
739 2783 773 2831 35
789 2777 834 2846 (ci.
850 2792 890 2830 ea
906 2793 947 2845 gr.
964 2773 1079 2828 ‘Culicis
1093 2773 1176 2827 liber'
1193 2777 1223 2829 ct
1237 2775 1375 2830 ‘libellus’

202 2864 284 2920 PLM.
304 2865 328 2918 II
348 2882 375 2934 p.
395 2871 429 2919 46
449 2868 478 2920 et
497 2871 530 2918 72
550 2863 579 2918 in
598 2866 662 2920 adn.
682 2865 763 2935 crit).
801 2865 930 2935 Myrrhae
949 2882 1013 2918 cum
1032 2867 1111 2934 patre
1131 2862 1233 2932 Cinyra
1252 2880 1377 2918 amorem

203 2956 340 3010 incestum
360 2955 496 3011 tractauit
515 2957 568 3010 hoc
586 2973 687 3025 poema
706 2956 819 3011 doctum
839 2957 869 3009 et
885 2972 935 3024 pcr
953 2952 1048 3009 omnia
1065 2969 1133 3023 prae
1152 2970 1181 3007 sc
1199 2953 1292 3008 ferens
1311 2955 1377 3008 arti·

201 3044 265 3099 ficia
288 3044 554 3110 Alexandrinorum,
579 3045 654 3113 quod
682 3062 796 3114 operam
824 3043 977 3112 limamque
999 3041 1144 3110 inpensam
1173 3042 1246 3097 adeo
1272 3042 1378 3111 ubique

200 3132 339 3201 prodidit,
358 3137 389 3187 nt
408 3131 579 3187 obscuritate
598 3133 752 3189 laboraret:
773 3133 895 3203 Philarg.
909 3132 947 3187 ad
961 3131 1044 3202 Verg.
1060 3131 1110 3186 ecl.
1127 3137 1151 3198 9,
1167 3137 1202 3185 35
1215 3132 1272 3197 suit
1286 3139 1377 3186 autem

200 3223 269 3276 iiber
288 3223 418 3277 obscurae
436 3223 517 3289 adeo,
540 3230 572 3278 ut
590 3229 615 3277 et
632 3224 762 3278 aorannlli
785 3225 843 3278 ciue
861 3224 959 3277 aetalia
975 3222 1151 3292 yrummctici
1173 3222 1205 3274 in
1223 3236 1284 3274 euni
1307 3222 1376 3274 scri·

197 3312 304 3378 psorici
327 3328 506 3380 maynarnque
529 3328 562 3366 ec
585 3313 644 3366 aas
666 3314 841 3367 momeliam
862 3313 919 3366 siat
941 3311 1058 3380 pariam
1076 3311 1212 3364 consecuti
1231 3307 1279 3378 (ci.
1299 3309 1376 3364 Suet.

202 3398 229 3452 d.
249 3417 290 3467 gr.
310 3401 346 3469 8).
384 3417 488 3471 pancos
508 3417 604 3455 uersus
632 3403 757 3456 seruatos
781 3401 846 3455 uide
869 3399 898 3453 in
922 3398 1072 3454 LMuelleri
1096 3397 1208 3453 Catullo
1231 3416 1258 3467 p.
1279 3402 1322 3453 88.
1344 3430 1376 3438 —-

203 3488 275 3559 1,·2.
294 3503 402 3544 nonam
421 3491 491 3560 post
510 3490 639 3558 dcnlqne
659 3505 785 3546 messem
804 3504 892 3557 quam
911 3489 1019 3558 coepta
1037 3490 1085 3542 cst
1102 3501 1271 3554 nonamque
1294 3486 1378 3542 edita

201 3578 271 3647 post
289 3578 428 3635 hiemem.
467 3579 561 3646 Quint.
581 3580 606 3634 X
624 3587 655 3647 4,
674 3587 690 3633 4
711 3581 816 3634 Cinnae
835 3580 981 3650 Smyrnam
1005 3593 1101 3632 nouem
1119 3579 1204 3632 annia
1222 3579 1377 3646 accerrimus

201 3669 345 3736 scriptum,
370 3668 492 3737 Philarg.
515 3668 533 3723 l.
554 3668 572 3723 l.
597 3669 643 3737 (cs.
667 3669 770 3724 testim.
795 3667 850 3723 nol.
870 3668 894 3734 I)
919 3709 924 3720 .
945 3710 950 3721 .
969 3668 1042 3720 ande
1064 3668 1147 3721 eliam
1170 3666 1322 3721 Horatium
1345 3667 1377 3720 in

201 3762 262 3810 crte
278 3759 386 3825 poetico
402 3758 479 3829 [388]
495 3760 592 3812 dicum
606 3760 644 3813 ad
657 3777 717 3813 cunr
731 3759 865 3823 allusisse,
884 3774 944 3810 cum
959 3756 1034 3810 dicct
1053 3755 1217 3824 ‘merumque
1232 3760 1377 3830 prematur

202 3847 234 3898 in
251 3847 377 3900 canum’.
417 3846 560 3915 ‘deniquo’
582 3863 646 3901 cum
667 3847 768 3902 ‘edita’
788 3845 937 3915 participio
957 3844 1127 3914 iungendum
1148 3844 1264 3914 longam
1283 3845 1377 3914 operis

128 3920 131 3925 ¹
203 3934 316 3988 laudern
335 3935 430 3990 emissi
448 3936 672 4005 expectationem
691 3934 783 3990 innuit
799 3934 900 4004 (Plani.
915 3933 973 3986 mil.
992 3934 1078 3999 1080).
1108 3935 1138 3986 ct
1157 3933 1281 3988 ‘messis'
1298 3935 1336 4002 (h.
1352 3950 1376 3987 e.

202 4025 305 4090 aestas)
330 4027 359 4078 et
384 4025 495 4079 ‘hiems'
521 4042 584 4079 cum
608 4026 643 4080 ad
668 4024 882 4095 significandum
906 4038 1007 4075 annum
1034 4038 1053 4074 a
1079 4021 1171 4090 poetis
1198 4021 1377 4091 adhibeatur,

202 4114 351 4180 utrumque
375 4113 501 4168 iunctum
525 4115 641 4185 longum
664 4114 731 4168 anni
758 4111 898 4167 uoluentis
923 4110 1060 4164 ambitum
1084 4109 1226 4178 designat,
1255 4114 1289 4163 nt
1312 4111 1377 4165 Seu.

201 4199 301 4256 Troad.
325 4207 376 4255 54⁷
401 4203 470 4256 bella
493 4208 556 4271 poet
580 4203 677 4257 himma
700 4203 787 4256 decem
810 4200 970 4268 totidemque
991 4213 1085 4251 mecam
1107 4199 1164 4250 iura
1190 4213 1272 4251 sorex
1300 4201 1377 4254 males

202 4292 284 4344 timet.
322 4291 357 4344 de
377 4294 583 4347 constructione
606 4294 652 4360 (=
672 4306 744 4345 nono
764 4305 836 4343 auno
860 4290 1008 4358 postquam
1032 4288 1132 4355 coepta
1151 4287 1205 4351 cst)
1225 4285 1261 4340 cs.
1281 4286 1375 4342 Kueli-

202 4396 285 4433 ucrus
308 4400 348 4450 gr.
374 4381 391 4436 l.
417 4380 440 4434 ll
465 4398 491 4451 p.
512 4387 632 4449 296sq.,
656 4386 716 4434 901.
743 4410 775 4419 -
804 4378 834 4438 8.
863 4376 947 4431 milla
971 4389 1038 4429 cun
1066 4373 1184 4427 mares
1207 4373 1377 4441 quassata
