2940 4912
758 526 816 582 Ἡ.

274 642 366 696 1-2.
392 642 496 712 Flam,
515 640 641 696 dellolas
663 642 732 696 tuas
751 638 888 709 catullo,
908 639 957 694 nel
976 639 1040 693 slnt
1057 638 1201 708 illepidae
1221 639 1313 707 atque
1332 640 1377 694 lu·

202 731 375 800 elegantes,
399 732 496 786 uelles
519 731 621 786 dicere
643 745 699 785 nee
722 730 824 785 tacere
843 743 958 800 posses.
994 730 1124 798 ignotum
1147 728 1229 782 nobis
1248 728 1376 782 Flauium

203 820 401 889 (suspicionem
421 821 560 889 quandam
580 836 706 889 promam
731 821 766 873 ad
786 836 810 876 o.
825 819 902 888 Xlll)
925 821 1011 886 poeta
1032 818 1111 872 iubet
1132 817 1187 873 sibi
1211 819 1304 872 dicere
1329 834 1377 870 no-

201 925 265 964 men
289 908 401 978 puellae
424 909 460 962 ab
483 925 516 963 eo
539 911 659 964 amatae.
697 908 800 963 etenim
821 908 971 963 ‘deliciae'
992 911 1099 974 errant,
1123 908 1171 974 qui
1190 907 1377 976 appositionis

200 1000 311 1052 tuntum
331 999 395 1053 loco
413 997 470 1052 dici
489 999 591 1066 pntont
608 1015 660 1067 pro
679 1013 800 1066 persona
819 997 864 1050 uel
882 1012 912 1049 re
927 997 1034 1062 amata3
1054 995 1129 1064 quod
1147 994 1200 1048 etsi
1215 1011 1281 1048 casu
1296 995 1375 1049 nimi·

201 1106 263 1142 rum
283 1106 356 1142 nunc
374 1088 443 1142 locis
461 1087 545 1156 longe
559 1085 689 1156 plurimis
704 1085 775 1153 (Cat.
792 1086 802 1138 l
820 1084 941 1153 1,.1114,
960 1082 1063 1137 XXXH
1077 1087 1104 1152 2)
1119 1084 1269 1152 inuenitur,
1288 1085 1376 1138 habet

202 1179 298 1230 tamur
320 1177 402 1246 Apul.
422 1176 496 1246 apol.
515 1193 539 1229 c.
559 1181 575 1229 9
601 1176 640 1246 [p.
663 1182 695 1229 14
714 1174 775 1245 Kr.]
798 1181 824 1228 et
847 1174 952 1228 Critias
974 1191 1034 1229 mea
1055 1175 1153 1227 delicia
1177 1180 1215 1228 eet
1237 1181 1263 1228 et
1284 1175 1374 1239 salua,

205 1264 338 1331 wareo,
352 1280 424 1332 pare
441 1266 473 1317 is
491 1280 581 1318 amore
598 1280 669 1329 meo,
688 1264 762 1328 reita,
781 1264 834 1317 tibi
846 1268 978 1329 sermnem
997 1263 1046 1330 qni
1066 1262 1204 1316 ‘delicias’
1225 1262 1271 1316 hic
1288 1264 1374 1316 inter-

202 1355 350 1421 pretantur
370 1353 496 1422 ‘gaudia’
518 1353 577 1406 siue
593 1353 789 1421 ‘uoluptates',
808 1351 962 1421 neglegunt
980 1370 1006 1406 u.
1022 1358 1038 1404 2
1058 1352 1155 1420 utique
1174 1352 1210 1405 ad
1228 1368 1375 1422 personam

201 1440 379 1495 referendum
404 1441 519 1510 (inquo
542 1440 680 1495 attributa
702 1440 829 1494 illatam
855 1439 942 1494 animi
961 1457 1124 1507 morumque
1149 1457 1233 1507 quam
1252 1441 1376 1510 corporis

202 1530 370 1598 habitusque
389 1528 592 1599 turpitudinem
611 1529 760 1596 denotant,
778 1531 810 1582 ut
827 1528 853 1581 X
872 1533 913 1597 4),
937 1529 1074 1596 siquidem
1099 1529 1260 1598 uoluptates
1279 1546 1375 1598 parum

202 1621 268 1688 apte
282 1619 448 1673 inueuustae
465 1621 493 1673 et
506 1619 681 1688 inelegantea
692 1619 830 1672 dicuntur.
856 1617 923 1672 ‘nei'
936 1617 1026 1687 prisce
1040 1635 1091 1687 pro
1107 1618 1158 1672 ‘ni’
1175 1621 1271 1688 (supra
1285 1636 1311 1687 p.
1323 1621 1375 1687 61).

202 1726 324 1762 summas
343 1709 411 1762 uiris
431 1707 522 1762 doctis
537 1708 626 1762 mouit
639 1707 821 1761 difficultates
834 1706 906 1760 mira
919 1706 1058 1760 enuntiati
1072 1706 1273 1762 condicionalis
1287 1708 1377 1762 forma

203 1797 245 1850 ‘ni
263 1797 337 1865 sint,
355 1798 444 1852 uelles
467 1814 518 1851 nec
536 1797 654 1866 possea'.
693 1811 747 1849 uon
771 1795 873 1849 desunt
890 1795 1004 1863 quidem
1023 1795 1105 1849 huius
1123 1796 1230 1850 formae
1249 1799 1377 1867 exempla

201 1889 284 1956 (quae
303 1885 446 1954 congessit
464 1886 627 1940 Knchncrus
645 1903 686 1953 gr.
705 1885 724 1937 l.
743 1884 769 1936 Il
793 1901 820 1952 p.
836 1889 902 1950 924,
922 1884 1079 1953 Draegerus
1107 1887 1178 1952 synt.
1199 1886 1224 1939 ll
1248 1905 1274 1955 p.
1291 1888 1377 1955 721²),

201 1974 251 2030 sed
270 1977 301 2029 ut
315 1975 400 2046 longe
416 1974 527 2028 diuersa
541 1974 605 2028 sint.
635 1972 757 2042 suspicio
771 1989 805 2026 ex
819 1972 932 2026 indiciis
947 1992 973 2026 u.
989 1980 1005 2028 6
1021 1990 1081 2040 sqq.
1096 1974 1247 2042 patefactis
1262 1980 1378 2030 uenerat

204 2063 328 2133 Catullo,
349 2063 477 2118 Flauium
496 2079 554 2117 rem
575 2063 679 2127 habere
696 2079 759 2115 cum
774 2062 879 2116 femina
892 2062 1001 2130 aliqua,
1016 2065 1045 2117 et
1058 2063 1149 2117 amico
1164 2067 1275 2119 tacente
1294 2081 1376 2134 porro

201 2154 335 2221 coniecit,
358 2170 414 2207 non
434 2152 548 2222 dignam
568 2169 626 2207 esse
646 2150 738 2218 illam,
762 2151 841 2205 cuius
861 2151 990 2204 notitiam
1009 2150 1123 2205 Flauius
1148 2170 1211 2206 eum
1234 2155 1377 2208 sodalibus

203 2243 402 2308 communicet;
423 2259 513 2310 neque
533 2244 618 2310 poeta
636 2260 662 2294 ιι.
679 2227 711 2293 15
727 2240 839 2310 scripsit
854 2240 1002 2309 ‘quidquid
1020 2241 1107 2295 habes
1122 2243 1210 2311 turpis
1224 2243 1374 2297 amiculae'

202 2336 246 2402 (nt
264 2333 374 2400 debuit,
394 2331 486 2400 siquid
501 2331 557 2385 iam
573 2330 673 2384 habuit
690 2332 890 2399 compertum),
909 2328 959 2383 aed
977 2330 1071 2399 potius
1088 2330 1131 2384 ita
1149 2335 1181 2384 ut
1199 2331 1293 2386 decuit
1312 2350 1376 2386 eum

202 2422 251 2493 qui
266 2423 337 2477 certi
350 2421 422 2475 nihil
432 2420 486 2474 scit
496 2419 645 2489 ‘quidquid
660 2420 747 2473 habes
761 2418 820 2472 siue
835 2419 901 2473 boni
915 2418 974 2473 aine
989 2419 1079 2474 mali’.
1104 2420 1176 2473 hauc
1190 2420 1277 2489 igitur
1287 2421 1376 2492 suspi-

202 2512 312 2566 cionem
326 2511 375 2581 qui
388 2513 417 2564 in
427 2510 535 2580 protasi
544 2509 656 2578 promit,
668 2509 691 2562 is
704 2508 735 2562 in
749 2506 866 2577 apodosi
880 2525 999 2577 pergens
1013 2525 1063 2577 per
1076 2508 1261 2577 inperfectum
1272 2510 1376 2563 solum-

204 2603 289 2656 modo
300 2601 415 2671 respicit
430 2600 466 2653 ad
476 2601 589 2669 tempus
602 2597 799 2668 praeteritum:
813 2602 875 2651 tum
888 2596 958 2651 mihi
972 2598 1157 2668 interroganti
1171 2616 1237 2653 uera
1252 2598 1377 2652 dixisses.

203 2708 301 2744 nanim
317 2691 392 2743 enim
407 2705 473 2743 nero
484 2689 572 2743 totius
586 2688 668 2741 huius
684 2686 814 2741 carminis
825 2687 971 2741 consilinm
984 2687 1015 2740 in
1029 2705 1061 2742 eo
1075 2687 1206 2757 positum,
1218 2692 1250 2742 ut
1263 2691 1378 2742 eruatur

206 2797 306 2834 nomen
317 2777 463 2846 amiculae,
474 2778 598 2831 ostendit
607 2780 720 2846 poetam
730 2776 760 2830 iu
770 2779 895 2846 tempore
905 2777 1048 2845 praesenti
1062 2781 1152 2831 totum
1164 2779 1269 2832 uersari
1282 2785 1377 2834 mente

203 2871 233 2923 et
242 2868 414 2936 cogitatione
425 2869 471 2934 (cl.
482 2874 499 2920 5
509 2868 604 2935 diligis
613 2868 643 2920 et
652 2867 744 2934 pudet,
760 2870 775 2919 7
790 2867 899 2931 clareat,
915 2872 946 2918 12
958 2884 1026 2935 sqq,
1044 2873 1076 2921 16
1091 2868 1155 2935 dic).
1176 2868 1274 2922 subtili
1288 2868 1376 2937 igitur

203 2957 263 3013 cius
282 2957 356 3026 quod
375 2956 502 3010 latinitas
517 2957 643 3025 postulat
656 2973 738 3009 sensu
752 2953 882 3008 Heinsius
896 2956 926 3008 et
939 2955 1080 3025 Reisigius
1096 2956 1253 3027 [praelectt.
1268 2977 1295 3027 p.
1311 2959 1376 3028 524]

200 3048 384 3102 restituerunt
395 3046 489 3099 ‘uelis'
506 3047 536 3099 et
550 3045 679 3114 ‘possis'3
693 3044 794 3112 quibus
810 3044 945 3099 accedens
960 3046 1058 3113 scripsi
1071 3046 1101 3099 id
1116 3046 1214 3114 ipsum,
1230 3048 1305 3116 quod
1319 3065 1375 3102 nou

203 3135 381 3189 intellectum
400 3151 495 3188 ansam
515 3133 594 3187 dedit
618 3133 793 3203 corruptelae
814 3132 917 3187 ‘ueleis
941 3133 1033 3188 dicere
1056 3152 1106 3189 nec
1126 3139 1219 3191 tacere
1242 3138 1375 3206 poaseis’.

200 3225 351 3294 inquibus
371 3225 454 3278 ‘nelis
473 3224 577 3279 dicere’
598 3240 654 3278 non
672 3223 849 3293 periphrasin
866 3225 1025 3293 putauerim
1049 3225 1185 3296 simplicis
1207 3226 1305 3281 ‘dicas’
1327 3227 1374 3296 (cf.

202 3313 399 3369 Lucr.11642
423 3331 456 3368 oc
479 3316 582 3368 uirtute
604 3315 691 3367 uelint
710 3315 835 3382 patrium
858 3314 1000 3379 defendere
1022 3320 1136 3382 terram,
1162 3316 1242 3370 Ouid.
1262 3317 1374 3371 metii

203 3410 256 3458 745
273 3405 332 3473 fida
349 3406 438 3459 sorori
456 3404 610 3469 cessastis,
630 3403 745 3457 Phaedr.
766 3401 778 3453 Ι
797 3409 840 3470 29,
860 3409 876 3456 6
895 3419 945 3458 car
962 3405 1002 3459 a'c
1019 3407 1131 3458 mentiri
1148 3408 1238 3472 soliti,
1258 3407 1308 3460 sed
1325 3424 1376 3476 po·

201 3494 258 3548 tius
279 3494 380 3549 ‘uelis’
402 3493 561 3562 adaequare
581 3492 720 3562 ‘cupias’,
739 3495 879 3558 utu.16;
904 3493 1016 3562 iamque
1037 3493 1156 3563 ‘possis'
1178 3495 1376 3563 explicandum

204 3585 238 3638 ‘a
256 3589 284 3638 te
303 3584 444 3653 inpetrare
468 3584 558 3653 possis
581 3586 614 3637 ut
631 3581 752 3649 taceas’,
774 3580 858 3650 plane
876 3584 909 3635 ut
927 3580 1055 3637 LXVlllb
1075 3590 1087 3636 1
1108 3600 1166 3637 nen
1179 3600 1291 3653 possum
1309 3585 1375 3639 reti·

201 3689 259 3726 cere
339 3674 388 3726 sed
407 3675 510 3727 dicum:
537 3673 612 3727 bello
630 3675 660 3727 et
677 3672 791 3740 elegans
815 3670 839 3724 si
859 3671 896 3725 ait
914 3672 1021 3741 puella,
1044 3671 1173 3726 Flauium
1197 3673 1243 3727 nix
1262 3690 1292 3728 se
1310 3690 1375 3729 con-

202 3764 343 3813 tentumm
367 3778 427 3814 esse
447 3763 513 3829 quin
538 3762 666 3816 omnibns
689 3762 784 3814 namet
807 3776 917 3814 amores
942 3762 1109 3831 suos'ponit
1131 3764 1222 3831 poeta
1261 3762 1296 3816 de
1320 3780 1377 3831 qua

202 3850 356 3904 amantium
382 3850 506 3904 felicium
531 3851 687 3919 cupiditate
710 3850 841 3904 narrandi
865 3849 984 3919 Vulpius
1008 3855 1074 3920 apte
1097 3854 1242 3921 comparat
1264 3850 1375 3907 Terent.

202 3942 270 3995 Eun.
296 3941 332 3992 lll
353 3945 382 4005 3,
402 3945 505 4006 osqq.,
530 3939 610 3994 Ouid.
635 3957 660 3993 a.
680 3957 704 3993 a.
725 3941 749 3994 ll
774 3945 825 3993 625
843 3957 918 4007 sqq.;
942 3940 1013 3994 adde
1037 3941 1117 4009 Prop.
1138 3942 1149 3994 l
1174 3948 1204 4007 2,
1228 3947 1275 4009 33,
1302 3941 1375 3998 Plat.

108 4050 113 4059 ·
203 4048 292 4100 symp.
314 4028 399 4084 182D
419 4025 530 4096 λέγεται
548 4024 662 4082 κάλλιον
685 4025 717 4081 τὸ
737 4028 868 4096 φανερῶς
888 4024 956 4095 ἐρᾶν
975 4030 1026 4083 τοῦ
1041 4025 1145 4103 λάθρᾳ.
1174 4030 1293 4099 denique
1312 4029 1374 4084 bre·

203 4120 275 4174 uiter
293 4117 441 4173 dicendum
460 4119 504 4170 est
522 4118 556 4170 dc
576 4135 608 4171 eo
630 4136 696 4183 usu,
716 4135 770 4184 quo
790 4117 930 4185 Catullus,
951 4120 1036 4173 eliam
1055 4120 1103 4173 ubi
1118 4119 1188 4174 alios
1203 4124 1269 4187 (nou
1283 4118 1375 4174 solum

201 4209 250 4262 ubi
270 4226 311 4262 sc:
336 4208 370 4265 cf.
390 4207 425 4261 ad
445 4206 509 4260 Vlll
531 4210 557 4274 1)
580 4207 756 4274 adloquitur,
780 4224 810 4260 se
834 4224 888 4261 non
907 4225 957 4277 per
980 4209 1099 4277 primam
1118 4209 1166 4263 sed
1188 4226 1239 4277 per
1260 4208 1374 4263 tertiam

201 4313 363 4367 porsonam,
382 4298 416 4351 ut
434 4295 514 4350 aiunt
532 4296 720 4364 grammatici,
740 4311 958 4351 commemorare
977 4299 1005 4351 in
1024 4298 1132 4353 deliciis
1151 4298 1249 4353 habet:
1268 4298 1304 4352 cf.
1322 4295 1375 4352 VII

203 4391 246 4456 ιο,
265 4386 303 4439 ιι
322 4393 343 4454 ι,
363 4385 427 4440 ιιιι
443 4392 469 4456 ι,
488 4384 550 4438 ιιι
567 4391 608 4453 13,
627 4383 770 4438 xxxviii
788 4393 810 4452 1,
830 4383 917 4440 ιιιι
935 4395 959 4453 ι,
979 4386 1064 4440 nnis
1080 4394 1105 4454 ι,
1126 4386 1187 4440 ιιι
1200 4393 1226 4453 ιι,
1245 4385 1336 4441 ιιιιι
1350 4393 1375 4455 a,
