2940 4912
143 313 167 373 4
587 310 871 367 PROLEGOMENA.

145 498 216 539 uam
239 483 346 556 suapte
367 483 478 540 natura
500 479 570 540 Itali
592 480 691 557 magis
713 479 896 556 uulgiuegae
919 478 1046 538 Veneris
1069 496 1155 538 sacra
1177 479 1319 538 amabant

144 579 349 656 colebantque.
385 579 474 638 testis
497 582 544 639 est
565 578 671 654 ingens
693 576 726 635 in
743 576 848 655 lingua
865 577 961 636 latina
979 568 1094 657 (prisca
1111 568 1317 652 potissimum)

145 676 305 736 uerborum
329 679 361 735 et
382 676 566 737 locutionum
588 674 687 751 copia,
714 675 824 751 quibus
851 693 928 750 quae
955 675 995 734 ad
1017 675 1130 735 coitum
1160 677 1191 733 et
1218 674 1318 733 uirum

145 772 346 849 feminamque
364 774 518 849 pertinent
540 774 597 833 etsi
620 792 709 848 saepe
732 775 819 832 acute
840 774 994 850 salsoque,
1016 778 1117 832 tamen
1142 773 1208 832 sine
1225 790 1318 832 uenu-

145 872 224 928 state
254 874 345 947 atque
375 872 527 947 elegantia
556 872 772 948 exprimuntur.
818 873 850 930 et
880 871 952 931 licet
981 870 1060 947 apud
1088 871 1231 929 Plautum
1257 889 1319 930 non

145 967 245 1027 desint
266 969 355 1043 plane
382 968 492 1027 amoris
520 968 687 1029 subtilioris
710 968 854 1046 uestigia,
882 968 956 1028 haec
978 987 1075 1045 pauca
1096 972 1198 1029 tamen
1220 987 1318 1028 exem-

146 1065 281 1141 plaribus
300 1066 416 1143 graecis
435 1066 604 1126 adscribere
622 1085 750 1142 pronum
769 1069 817 1126 est
834 1085 907 1142 prae
925 1068 1011 1127 tauta
1029 1067 1223 1127 multitudino
1239 1066 1318 1127 ioco·

144 1182 213 1221 rum
240 1182 312 1223 uere
335 1163 543 1223 Plautinorum
571 1165 725 1241 ingeniose
749 1163 868 1240 quidem
892 1183 1035 1242 nequam,
1059 1166 1111 1224 sed
1134 1164 1230 1241 plebis
1253 1168 1320 1224 tan·

145 1266 211 1322 tum
234 1262 329 1320 risum
352 1262 547 1337 captantium.
584 1264 616 1322 et
639 1261 761 1321 fabulae
784 1266 908 1339 togatae
930 1257 1073 1343 (maximo
1091 1252 1225 1343 Afranii)
1244 1262 1319 1322 satis

144 1364 216 1421 sunt
242 1359 432 1433 documento,
462 1360 600 1420 sordibus
629 1362 724 1421 omnis
752 1359 871 1439 generis
903 1361 1000 1437 magis
1030 1360 1126 1421 fuisso
1154 1360 1320 1420 delectatos

144 1460 328 1534 spectatores
364 1477 453 1535 quam
483 1458 704 1518 comoediarum
730 1457 902 1517 Atticarum
934 1459 1071 1519 uenustis
1104 1459 1236 1533 lusibus,
1268 1456 1320 1533 qui

145 1556 286 1616 Terentio
315 1556 504 1632 potissimum
536 1560 658 1616 auctore
686 1555 821 1632 adspersi
847 1555 981 1631 palliatis
1012 1556 1075 1615 tam
1102 1574 1208 1631 parum
1238 1557 1321 1614 tenc-

144 1654 218 1713 bant
240 1655 386 1730 populum
409 1655 588 1729 Romanum,
616 1658 652 1714 ut
677 1654 735 1714 hae
757 1672 826 1712 mox
854 1652 1077 1729 depellerentur
1099 1654 1211 1730 togatis
1234 1652 1321 1712 Atel·

145 1752 223 1810 lanis
246 1751 344 1810 mimis
367 1752 509 1811 lasciuiae
532 1752 664 1812 intumas
687 1752 792 1828 plenis.

234 1848 292 1908 Sed
315 1849 418 1908 eadem
441 1851 526 1909 aetas
549 1850 587 1908 ab
609 1850 698 1908 Ennii
721 1853 817 1909 morte
840 1868 936 1925 usque
959 1850 997 1908 ad
1021 1852 1140 1927 tempus
1159 1849 1318 1909 Sullanum

145 1941 315 2026 (160-80
334 1965 359 2004 a.
380 1944 448 2005 Chr.
468 1966 496 2006 n.
517 1940 595 2025 fere)
618 1947 771 2022 pertinens
795 1948 887 2005 etiam
910 1949 1016 2006 harum
1039 1967 1141 2008 rerum
1164 1948 1320 2007 meliorem

146 2047 260 2103 statum
283 2045 394 2102 sensim
417 2044 559 2103 aduenire
587 2043 671 2103 uidit.
717 2044 925 2120 philosophiae
953 2044 1087 2104 studium
1109 2049 1199 2105 antea
1222 2045 1321 2104 obiter

145 2143 234 2219 plane
256 2142 469 2218 leuissimeque
492 2145 656 2202 tractatum
678 2141 747 2200 inde
769 2143 807 2201 ab
827 2160 904 2201 enno
923 2144 1051 2204 maxime
1072 2146 1144 2218 155,
1168 2163 1227 2220 quo
1247 2142 1320 2201 Car·

145 2240 255 2300 neades
279 2243 311 2299 et
334 2238 486 2301 Critolaus
510 2244 542 2300 et
563 2240 715 2316 Diogenes
734 2240 860 2298 Romam
880 2245 1028 2301 uenerunt
1045 2243 1138 2318 legati
1157 2242 1321 2300 Athenien-

146 2340 224 2398 sium
252 2331 303 2418 (cf.
327 2337 387 2399 cic.
411 2339 448 2398 de
471 2358 512 2399 or.
536 2337 567 2396 ΙΙ
591 2340 643 2414 37,
669 2330 760 2417 155),
783 2339 859 2398 mire
889 2344 937 2399 est
964 2341 1126 2399 excitatum
1154 2339 1233 2415 apud
1261 2340 1321 2415 pri-

146 2455 243 2496 mores
271 2437 455 2513 reipublicae
479 2437 574 2513 uiros,
603 2441 635 2495 et
661 2436 807 2513 magistro
837 2435 981 2496 Panaetio
1004 2436 1121 2495 Rhodio
1145 2436 1245 2497 Stoico
1273 2438 1321 2496 usi

147 2534 244 2610 Scipio
258 2535 419 2595 Africanus
433 2535 531 2594 minor
545 2538 576 2594 et
589 2534 676 2594 amici
690 2533 812 2610 plurimi
824 2527 872 2613 (Ο.
882 2532 1004 2593 Laelius
1017 2533 1151 2610 Sapiens,
1166 2534 1199 2593 L.
1210 2535 1320 2594 Furius

147 2630 261 2707 Philus,
286 2630 319 2700 Q.
340 2633 451 2691 Fabius
475 2633 637 2708 Maximus,
661 2631 695 2701 Q.
713 2632 818 2691 Aelius
843 2631 962 2692 Tubero
986 2636 1090 2710 totque
1114 2628 1180 2711 alii)
1203 2633 1320 2708 sapion-

146 2727 223 2786 tium
241 2747 417 2804 graecorum
436 2731 523 2789 libris
543 2731 755 2805 cognoscendis
775 2729 979 2789 incumbentes
1000 2731 1089 2790 ualde
1113 2749 1180 2789 cum
1204 2750 1321 2788 morum

148 2824 349 2883 emendationi
372 2831 463 2903 atque
482 2825 631 2885 iudicandi
650 2827 819 2902 elegantiae
838 2826 1047 2902 sentiendique
1066 2827 1236 2901 subtilitati,
1256 2833 1319 2885 tum

146 2922 256 2981 litteris
279 2923 384 2982 latinis
406 2924 616 2999 promouendis
639 2924 826 3000 profuerunt.
864 2945 991 3001 quorum
1009 2925 1130 2983 circulis
1150 2924 1319 2998 adscriptus

146 3019 177 3078 Ο.
196 3019 343 3094 Lucilius,
368 3022 456 3081 homo
480 3021 621 3081 mirificae
644 3021 795 3082 doctrinae
819 3026 850 3079 et
870 3020 1051 3081 Graecorum
1075 3024 1138 3079 tam
1161 3022 1317 3094 poetarum

146 3135 236 3192 quam
251 3119 496 3196 pbilosophorum
515 3120 642 3179 lectione
661 3119 902 3194 exercitissimus,
921 3119 1029 3178 horum
1049 3118 1218 3193 exemplum
1239 3136 1320 3176 socu-

148 3218 196 3273 tus
220 3213 292 3273 data
310 3236 402 3292 opera
421 3218 541 3293 saepius
560 3218 591 3275 in
610 3217 720 3276 saturis
741 3217 802 3277 suis
822 3217 1011 3294 quaestiones
1030 3217 1061 3274 in
1080 3215 1190 3273 amoris
1209 3217 1320 3274 natura

146 3310 286 3387 omnique
305 3332 338 3372 re
352 3313 489 3373 Venerea
508 3314 690 3390 exploranda
704 3318 860 3375 uersantes
879 3332 934 3375 suo
953 3334 1035 3374 more
1054 3314 1141 3373 modo
1160 3313 1321 3389 diligenter

146 3414 343 3485 accurateque
361 3415 537 3487 persecutus
557 3416 604 3472 est
617 3406 776 3491 (quantum
794 3413 913 3489 quidem
933 3432 969 3472 ex
988 3412 1165 3487 fragmentis
1185 3413 1320 3471 diuinare

146 3496 233 3585 licet)
259 3507 348 3566 modo
376 3502 501 3568 breuius
529 3509 640 3585 tetigit
687 3511 729 3570 sic
756 3511 902 3586 paulatim
926 3530 993 3571 cum
1022 3511 1190 3570 adcreusrit
1212 3510 1322 3569 rectior

148 3604 312 3663 multarum
330 3624 432 3665 rerum
450 3607 630 3677 intellectus,
650 3608 819 3667 mirandum
838 3629 897 3668 non
920 3613 974 3681 est,
994 3614 1058 3668 tum
1079 3610 1207 3667 fortasse
1228 3608 1321 3683 ipsius

147 3700 268 3778 Lucilii,
296 3704 349 3779 qui
376 3704 452 3763 talia
478 3705 555 3765 libro
578 3706 665 3765 XXII
692 3708 833 3783 inseruit,
857 3709 990 3783 exeniplo
1019 3709 1124 3767 ductos
1153 3707 1321 3782 complures

146 3802 313 3875 temptasse
331 3801 436 3861 ludere
454 3804 601 3862 amatoria
620 3805 851 3882 epigrammata,
870 3824 939 3865 nam
959 3808 997 3865 ab
1017 3807 1063 3865 his
1084 3810 1187 3881 utpote
1207 3804 1320 3880 pridem

147 3897 268 3957 usitatis
291 3916 345 3958 nec
367 3900 456 3959 nimis
480 3900 653 3961 difficilibus
676 3904 852 3962 ordiendum
871 3909 946 3963 erat.
984 3904 1114 3963 traditur
1132 3904 1188 3961 hoc
1207 3906 1255 3961 sat
1273 3903 1322 3960 ob-

148 4013 233 4053 scure
256 3996 294 4055 de
316 3997 403 4058 Attio
427 3998 652 4074 tragoediarum
675 4001 819 4077 scriptore
844 3998 934 4081 (Plin.
959 4004 1046 4077 epsist.
1071 4003 1097 4059 V
1122 4003 1152 4075 3,
1177 3992 1220 4065 ol.
1262 4019 1322 4058 cor-

147 4092 227 4152 tiora
248 4094 339 4169 paulo
363 4095 499 4155 sciuntur
521 4096 558 4154 de
581 4096 727 4173 Pompilio
751 4100 879 4175 quodam
904 4100 1027 4159 Pacuuii
1050 4099 1196 4175 discipulo
1220 4097 1321 4175 (Vari.

149 4192 205 4249 sat
228 4190 306 4251 Men.
330 4194 394 4253 356
410 4184 473 4273 R),
497 4194 581 4253 cuius
604 4194 702 4253 Varro
726 4197 753 4255 d.
778 4198 797 4255 l.
820 4196 839 4253 l.
863 4196 921 4253 Vll
947 4202 988 4255 ‘28
1014 4191 1063 4276 (cf.
1087 4202 1118 4255 ct
1140 4196 1284 4255 Priscian.
1309 4195 1320 4250 l

147 4307 177 4363 p.
200 4291 242 4349 90
267 4284 326 4373 Η)
362 4291 498 4352 seruauit
526 4287 774 4371 ἐπιγραμμάτιον,
806 4297 882 4367 quood
915 4298 945 4353 iu
977 4297 1182 4353 (successum
1214 4294 1322 4365 scrcrcl

148 4384 327 4465 [cmmmjs
