2940 4912
606 329 719 386 LXXIII
742 337 817 385 1-4.
1234 329 1300 392 545

125 492 210 546 uclIe'
231 492 333 546 iterum
352 491 437 562 paulo
457 491 601 546 obscurius
621 490 762 562 puriorem
781 492 862 545 illum
880 507 1004 546 amorem
1023 489 1161 560 designat.
1190 490 1300 545 facilius

126 583 179 636 boc
205 580 413 651 intellegemus,
441 579 465 634 si
490 581 669 636 recordamur
695 598 757 635 cum
783 580 933 635 caritate
958 579 1125 634 naturaliter
1150 597 1210 635 esse
1236 598 1300 635 con-

125 671 249 725 iunctam
267 670 490 726 beniuolentiam
510 669 577 738 (Cic.
597 671 623 724 d.
639 670 684 728 off.
700 672 712 724 Ι
729 677 770 737 11,
785 678 819 725 54
838 671 1023 725 beniuolentia
1042 670 1164 724 1111111111
1181 670 1301 724 homines

125 764 150 813 et
169 761 293 824 caritate,
311 758 346 811 de
366 777 404 813 or.
425 758 512 828 1151,
532 766 594 825 206,
613 761 647 814 dc
666 760 712 814 fin.
731 761 743 812 I
764 765 806 827 16,
826 760 880 826 11).
911 759 947 812 ad
965 761 1055 813 totam
1075 761 1171 813 autem
1191 762 1301 813 senten-

126 848 196 903 tiam
214 849 271 902 iam
290 845 422 902 AStatiue
441 851 507 918 apte
523 867 565 918 cp.
581 847 661 902 Ouid.
678 866 730 903 um.
746 848 786 902 III
806 855 848 914 11,
863 853 896 901 37
915 849 1065 918 nequitiam
1082 850 1175 918 sapio,
1193 849 1301 920 supien-

126 943 177 992 tem
195 938 287 1004 scema
304 938 420 992 reducit:
442 953 554 992 caereor
572 954 677 992 1111111111
696 938 826 1002 crimino,
847 953 945 1005 corpur
964 953 1040 992 amc.-
1057 939 1098 992 cic
1116 954 1226 1006 eponae
1243 940 1302 992 aiere

126 1033 151 1082 tc
168 1043 217 1082 acc
235 1033 320 1082 tecam
339 1028 435 1081 uiuere
449 1042 561 1095 poscam
579 1032 603 1080 et
621 1027 718 1081 uideor
731 1027 792 1080 acti
805 1026 913 1081 acaciae
926 1043 980 1081 esce
993 1028 1053 1082 mei.
1082 1029 1192 1082 accedit
1205 1029 1302 1082 111111

126 1117 202 1186 apud
221 1119 346 1171 nostram
366 1115 432 1184 hoc,
451 1116 527 1183 quod
546 1115 663 1186 perfidia
685 1115 797 1185 puellae
822 1116 968 1184 tamquam
992 1115 1115 1170 atirnulia
1134 1116 1302 1186 quibasdam

127 1190 246 1275 inpellit¹
258 1223 335 1273 cnm,
358 1209 391 1259 ut
408 1221 459 1274 pro
478 1205 586 1259 amasia
609 1203 663 1259 sibi
687 1203 834 1259 retinenda
858 1221 961 1274 magna
983 1204 1061 1258 bella
1078 1207 1186 1274 pugnet
1204 1207 1303 1260 contra

127 1295 242 1362 riualca;
262 1296 292 1349 et
310 1298 362 1349 hac
381 1295 444 1363 ipsa
461 1310 557 1363 pugna
575 1294 666 1363 magis
685 1293 849 1349 accenditur
863 1294 1010 1363 cupiditas.
1026 1326 1059 1335 -
1076 1297 1199 1350 ceteram
1220 1295 1303 1350 facile

127 1385 262 1440 sentimus
281 1384 338 1438 iam
356 1383 437 1437 uanis
456 1383 499 1437 hia
519 1383 726 1438 conseruandae
746 1384 800 1438 sibi
819 1383 872 1438 eali
889 1382 1015 1438 amasiae
1034 1383 1182 1439 conatibus
1200 1385 1303 1439 delati-

127 1480 225 1543 gatum
245 1490 306 1527 ease
325 1470 480 1527 Catullum:
500 1472 553 1527 hoc
573 1489 684 1528 carmen
704 1473 803 1528 eodem
821 1475 878 1528 fere
898 1491 962 1528 cum
977 1473 1077 1528 LXXV
1092 1476 1217 1543 tempore
1237 1474 1302 1529 acri·

128 1566 206 1631 ptum
226 1562 340 1617 initium
359 1562 421 1617 finis
439 1561 554 1617 indicat.

636 1716 791 1773 amu.

203 1833 231 1885 1.
246 1830 357 1886 1111111
371 1830 409 1885 da
419 1845 569 1898 quoquam
584 1830 744 1898 qulcquam
758 1831 834 1886 bono
848 1831 929 1885 uelle
939 1831 1061 1887 morari.
1080 1832 1303 1901 indignationem

131 1921 165 1974 de
192 1919 309 1989 perfidia
331 1921 416 1975 amici
438 1920 583 1976 cuiusdam
603 1920 689 1988 (Rufi,
714 1924 746 1976 ut
765 1938 874 1974 summa
897 1937 960 1975 cum
979 1919 1180 1989 probabilitate
1203 1922 1305 1976 iudea

132 2007 282 2063 AGuarino
296 2011 425 2064 11111111
437 2010 572 2079 plerique,
588 2027 629 2079 cp.
646 2009 785 2078 LXXVII)
800 2009 927 2066 Catullus
944 2010 1061 2064 effundit
1078 2009 1108 2063 in
1123 2014 1305 2080 praeceptum

129 2097 260 2167 gencrale
280 2099 324 2165 (ci.
344 2098 461 2152 XXVIII
477 2105 509 2152 13
526 2101 597 2173 pete)
618 2097 678 2153 aine
699 2101 791 2154 certae
809 2115 945 2168 personae
961 2097 1139 2153 adlocutione
1158 2102 1188 2154 et
1205 2101 1304 2168 utpote

129 2187 157 2241 iu
178 2187 339 2241 uniuersum
358 2188 475 2257 loquens
503 2190 586 2242 etiam
608 2188 692 2242 amici
715 2188 791 2242 illius
813 2205 915 2242 nomen
932 2189 1060 2243 reticens.
1097 2189 1131 2244 cf.
1151 2189 1251 2242 LXVII
1272 2196 1301 2242 11

128 2277 272 2346 quaquam
290 2278 454 2346 quidquam
473 2293 564 2347 neque
579 2278 624 2332 hic
641 2277 814 2346 ‘quicquam’
830 2278 1032 2333 aducrbialiter
1047 2278 1143 2347 accipe
1158 2279 1200 2345 (ut
1216 2277 1253 2331 VI
1268 2284 1304 2346 7),

129 2366 178 2419 aed
203 2364 341 2435 coniunge
364 2383 428 2420 cum
453 2366 536 2421 ‘bene
560 2366 688 2421 mereri’:
716 2383 830 2436 operam
854 2368 934 2435 darc,
953 2371 985 2422 at
1007 2367 1036 2421 in
1060 2366 1185 2436 aliquem
1208 2367 1305 2435 aliqua

129 2455 265 2509 beneficia
288 2455 415 2510 conferas
438 2457 517 2525 (Aen.
542 2455 580 2509 IV
604 2461 656 2511 317
680 2457 705 2510 11·
728 2457 792 2510 bene
815 2457 882 2525 qaid
905 2457 938 2511 de
960 2461 985 2510 tc
1006 2458 1115 2525 noerae).
1141 2488 1172 2497 -
1199 2455 1228 2511 2.
1252 2458 1305 2511 aut
1387 2455 1389 2459 ’

129 2543 261 2611 ailonem
284 2545 354 2599 llerl
377 2559 465 2613 posse
488 2547 597 2614 putare
621 2545 716 2614 plum.
752 2548 877 2615 gratum,
897 2547 929 2599 ut
947 2545 1026 2600 Ouid.
1046 2549 1080 2600 tr.
1101 2546 1125 2599 V
1144 2553 1175 2614 4,
1194 2553 1228 2600 43
1247 2547 1306 2612 fore

129 2649 157 2687 ee
174 2650 364 2702 maeroremque
378 2636 524 2703 planaque,
543 2653 577 2689 ex
596 2636 625 2689 P.
645 2634 683 2687 IV
704 2642 727 2702 1,
747 2641 772 2689 8.
803 2635 874 2689 ‘lieri
892 2635 942 2704 p.’,
961 2652 1020 2690 ease
1039 2634 1147 2702 ualere;
1167 2638 1198 2688 ut
1219 2635 1304 2689 inter·-

131 2722 197 2776 dum
218 2720 302 2775 ‘lieri’
324 2739 372 2791 pro
393 2723 475 2777 ‘ease'
502 2724 629 2792 ponitur,
654 2724 733 2779 uelut
752 2723 851 2777 LXXX
870 2729 895 2779 2.
934 2723 1080 2793 ‘aliquem'
1102 2724 1202 2778 sarlius
1221 2742 1304 2795 quam

131 2811 333 2878 ‘quemquam’,
347 2812 424 2879 qaod
438 2813 590 2867 occandum
604 2833 630 2868 a.
648 2821 659 2868 1
676 2817 868 2883 expectamua;
890 2814 1053 2869 Kuehuerus
1068 2833 1108 2883 gr.
1126 2814 1144 2868 l.
1160 2814 1185 2867 II
1201 2833 1227 2883 p.
1243 2820 1305 2880 466,

130 2899 285 2969 Draegerue
305 2902 377 2969 synt.
399 2902 408 2954 I
428 2920 455 2970 p.
474 2907 508 2956 39
523 2921 582 2971 aqq.
608 2935 641 2943 —
665 2903 695 2958 3.
722 2904 822 2958 omnia
841 2904 912 2959 sunt
930 2903 1061 2970 Ingrata.
1100 2902 1217 2958 ‘omnia'
1239 2901 1306 2957 effer

130 3005 199 3043 acce
220 2991 248 3044 ct
266 2989 301 3043 de
320 2988 402 3045 rebus
421 2991 530 3061 accipe:
556 3009 747 3063 qaaecumque
771 2995 841 3047 bene
861 2992 972 3060 leceris,
997 3009 1052 3047 non
1076 2992 1223 3047 inueniunt
1241 3009 1305 3061 gra-

130 3079 207 3133 tiam.
248 3096 314 3133 nam
344 3079 478 3149 ‘gratum’
506 3083 536 3135 et
559 3081 724 3151 ‘ingratum'
749 3100 831 3137 aenan
856 3084 968 3153 paaaiuo
997 3082 1112 3150 dicitur,
1141 3082 1186 3136 cni
1215 3082 1306 3149 gratia

130 3167 255 3221 redditur
273 3168 318 3221 uel
337 3185 394 3222 non
413 3169 552 3238 redditur,
571 3173 604 3225 11
621 3171 684 3227 Ter.
700 3172 769 3226 Eun.
789 3172 826 3226 lII
849 3180 872 3241 1,
891 3177 908 3226 6
927 3179 958 3227 ut
977 3178 1058 3244 prata
1077 3173 1145 3226 mibi
1163 3173 1220 3226 aiut
1238 3188 1307 3241 quac

130 3259 328 3324 (colamnam,
347 3257 425 3313 Lacr.
441 3258 480 3311 III
499 3265 551 3313 942
570 3266 595 3315 ct
613 3262 754 3331 incretum
773 3263 881 3317 occidat
899 3279 988 3327 omne,
1008 3261 1091 3330 Verg.
1107 3264 1173 3315 Aen.
1194 3261 1219 3313 ll
1240 3266 1304 3324 101,

130 3346 250 3415 Vulpiua
270 3365 312 3417 cp.
333 3349 423 3403 Plaut.
439 3347 515 3402 Aain.
536 3350 546 3401 1
566 3356 591 3415 2,
613 3355 646 3403 10
665 3353 779 3419 capraea
796 3351 885 3405 inrita
903 3367 957 3405 esec
975 3351 1068 3404 01111111
1086 3351 1219 3420 intellepo,
1238 3366 1307 3418 qaae

130 3436 194 3490 dedi
208 3442 232 3490 et
246 3438 318 3505 praed
332 3438 455 3504 benefeci.
472 3469 505 3477 -
520 3439 549 3510 3,
565 3438 593 3497 4.
614 3439 693 3494 111111
708 3439 817 3494 iecisse
836 3438 965 3506 beulgne
985 3439 1075 3492 lmmc
1094 3437 1184 3492 etlam
1204 3437 1306 3491 taedet

130 3524 275 3592 obestque
295 3525 450 3594 nlaglsque
469 3528 576 3594 magle.
605 3530 633 3582 iu
652 3527 696 3580 his
716 3528 807 3582 uerbis
826 3530 923 3596 aperte
939 3526 1077 3595 corruptis
1097 3525 1305 3594 (1111111111-

132 3613 209 3669 ribuc
229 3615 402 3670 constructio
417 3616 505 3685 nulla)
521 3617 597 3671 uiam
613 3617 734 3671 muniuit
749 3614 1019 3671 111111111111111111
1036 3614 1214 3683 ‘magisque’,
1231 3614 1305 3682 quod

130 3708 249 3774 apparet
267 3721 329 3758 caea
349 3705 441 3758 ortum
461 3723 494 3760 ex
512 3705 707 3776 dittographia
726 3706 858 3775 copulae,
878 3705 950 3758 unda
968 3704 1004 3758 ad
1019 3703 1213 3773 corrigendum
1234 3720 1306 3757 erro·

131 3810 188 3847 rem
208 3792 336 3848 additum
361 3798 405 3848 eat
427 3813 525 3850 uerum
545 3796 659 3865 ‘magia’
681 3805 742 3864 (nec
767 3796 841 3849 enim
865 3793 936 3849 illud
955 3809 1004 3863 pro
1026 3791 1128 3862 ‘magis
1146 3793 1304 3861 magisquo’

131 3881 223 3951 accipi
241 3886 348 3952 potest,
367 3887 400 3938 11
418 3884 485 3938 olim
505 3884 558 3939 sibi
584 3888 801 3955 pernumerant).
838 3883 956 3938 ethaeo
979 3883 1064 3937 luisse
1084 3883 1195 3937 uidetur
1214 3899 1305 3949 causa,

132 3987 180 4024 cur
202 3969 232 4024 in
256 3970 338 4026 initio
362 3989 472 4040 uersus,
495 3991 530 4028 ne
553 3973 599 4028 hic
619 3975 776 4029 abundaret
798 3974 929 4044 pedibus,
956 3972 1133 4026 omitteretur
1157 3988 1174 4024 a
1193 3972 1307 4026 librario

132 4076 185 4114 nox
209 4061 362 4130 quaedam,
386 4064 460 4116 unde
485 4062 570 4118 uerba
595 4064 632 4120 ‘n.
653 4065 671 4118 I.
692 4064 730 4118 b.‘
757 4063 887 4134 pendent.
930 4063 1011 4117 mitto
1036 4064 1194 4116 commenta
1218 4062 1307 4114 multa

132 4149 243 4203 inutilia
267 4151 419 4205 artificiosa
442 4151 632 4208 incredibilia:
658 4171 755 4207 uerum
778 4152 851 4208 uidit
869 4152 986 4207 Guictus
1010 4152 1138 4205 addendo
1159 4150 1307 4219 ‘prodest’,

131 4237 188 4292 nisi
205 4240 281 4308 qaod
302 4241 370 4294 mihi
391 4241 567 4310 praeplacnit
585 4241 687 4296 addere
709 4241 845 4296 ‘iuuerit’.
873 4259 938 4295 narn
957 4243 989 4294 ut
1002 4238 1032 4293 in
1047 4241 1099 4294 hoc
1115 4239 1226 4307 quidem
1243 4239 1305 4293 colo

132 4328 260 4383 modesta
278 4328 329 4383 illa
348 4330 480 4398 loquendi
498 4331 588 4385 forma
611 4333 701 4386 multo
724 4332 767 4384 eat
789 4331 882 4400 aptior
905 4329 1105 4398 iucundicrqac
1126 4330 1308 4398 (quapropter

132 4416 252 4488 inprobo
276 4419 351 4486 quod
375 4423 441 4488 pout
465 4437 508 4474 me
527 4420 625 4474 Mauro
649 4421 751 4476 maluit
775 4420 843 4474 ‘ianr
867 4418 984 4487 iuuat’),
1008 4418 1051 4473 ita
1074 4418 1175 4472 ‘iuuat’
1202 4417 1308 4488 duplici

186 4518 366 4558 0111111111,
381 4519 504 4560 Baehrens.
533 4521 564 4559 11.
1061 4515 1094 4561 35
