2940 4912
615 320 791 375 xia-xiv
811 328 835 375 1.
1266 323 1328 388 133

147 480 265 550 legimus
282 482 406 552 ‘paucis¹
421 482 445 537 si
460 481 512 536 tibi
528 481 575 536 dei
588 481 694 549 ianeut,
710 480 829 549 diebus',
846 498 900 550 quo
916 484 1002 548 (reete
1017 484 1169 538 adnotante
1184 484 1328 540 Huschkic

146 571 218 625 anal.
233 571 290 625 litt.
306 589 334 642 p.
350 575 414 640 311)
434 571 507 626 ‘dies
525 570 704 626 incitationis
723 569 867 640 prodictus
887 573 931 625 est
949 571 985 625 ad
1004 572 1126 626 Graecas
1145 573 1255 628 scilicet
1273 573 1327 629 Ka·

147 661 264 715 lendae’.
294 658 367 715 nihil
385 660 466 728 serii,
486 660 534 714 sed
552 677 602 730 per
621 660 717 715 omnia
735 660 827 714 iocum
847 659 999 728 ludumque
1020 661 1131 730 spirant
1144 661 1174 714 hi
1190 660 1327 730 uersiculi,

146 767 213 817 quos
232 748 367 818 equidem
385 749 525 804 artissime
551 748 701 804 cohaerere
720 753 789 818 puto
809 765 873 802 cum
893 749 1016 804 carmine
1036 749 1082 802 Vl.
1120 749 1235 804 Flauius
1254 751 1327 805 enim

145 837 279 892 Fabullus
304 841 382 907 (nam
406 838 458 892 hos
477 838 548 892 daos
566 836 623 892 iam
641 855 694 906 pro
713 854 770 891 uua
787 831 878 892 habeo
897 855 1031 907 persona:
1056 838 1096 893 sic
1115 854 1198 906 quem
1217 855 1239 894 c.
1262 841 1326 895 XIV

145 927 272 994 Caluum,
290 943 314 982 c.
328 925 351 979 L
365 925 505 981 Licinium
521 925 549 980 C.
566 927 688 995 adfatur)
702 927 801 981 contra
816 926 921 980 Catulli
936 926 1107 995 suspiciones
1122 927 1176 995 ita,
1190 926 1221 982 ni
1234 929 1327 997 fallor,

145 1032 204 1070 sese
223 1014 390 1071 defenderat
414 1019 527 1084 (uerene
547 1032 583 1068 an
601 1014 678 1083 ficte,
704 1015 877 1070 nesscimus
900 1031 952 1069 nec
972 1015 1043 1070 seire
1065 1017 1176 1086 refert),
1195 1020 1228 1071 ut
1246 1017 1326 1072 illum

146 1105 279 1174 probaret
302 1104 376 1160 falsa
399 1104 571 1160 conclusisse
595 1121 628 1159 ex
646 1104 759 1159 indiciis
782 1104 866 1159 ualde
885 1104 1015 1159 infirmis:
1040 1122 1116 1160 mero
1140 1121 1234 1161 amore
1259 1106 1326 1161 odo-

147 1209 205 1246 rum
224 1198 256 1247 et
273 1197 432 1249 aromatum
452 1194 556 1249 habere
575 1211 604 1249 se
623 1193 716 1247 cubile
737 1194 862 1263 ‘Assyrio
876 1193 1004 1263 fragrans
1022 1194 1124 1260 oliuo’3
1144 1196 1172 1248 et
1187 1194 1263 1263 quod
1277 1195 1326 1250 ille

146 1282 329 1337 macilentum
352 1282 551 1352 exprobrasset
574 1299 687 1352 corpus,
712 1299 774 1338 esse
798 1283 851 1337 hoc
875 1298 985 1351 quoque
1010 1284 1217 1353 uenustiorum;
1240 1284 1325 1339 nimis

145 1370 232 1440 igitur
256 1375 391 1426 nasutum
413 1372 500 1426 iuisse
523 1373 627 1426 bonum
652 1370 807 1437 Catullum
831 1372 881 1426 sed
904 1370 1098 1425 lubentissime
1123 1389 1152 1426 se
1176 1375 1326 1428 uenturum

145 1476 204 1515 esse
223 1460 306 1526 (licet
323 1461 383 1516 sine
402 1461 522 1530 femina,
542 1478 627 1529 quam
645 1478 702 1516 non
721 1460 848 1530 haberet)
867 1462 904 1514 ad
918 1477 1016 1514 cenam
1031 1460 1067 1515 ab
1086 1461 1136 1516 illo
1151 1463 1325 1531 promissam.

145 1550 179 1603 ad
201 1549 262 1605 tale
286 1548 346 1604 iere
371 1549 533 1619 epistolium
558 1550 582 1604 si
605 1553 719 1620 poetam
742 1553 838 1605 norbo
858 1549 981 1604 carmine
1000 1549 1058 1604 iam
1081 1552 1249 1621 respondere
1267 1554 1325 1608 sta-

146 1639 264 1705 tuimus,
283 1639 314 1692 in
333 1640 386 1694 hoc
407 1638 497 1693 multa
515 1638 607 1694 adhuc
622 1637 741 1693 obscura
760 1638 853 1693 subito
873 1654 955 1692 suum
974 1637 1117 1707 accipiunt
1134 1642 1164 1693 et
1182 1640 1276 1695 lumen
1296 1644 1327 1696 et

144 1744 269 1782 acumen.
309 1726 400 1782 sciens
420 1727 508 1797 enim,
528 1728 578 1782 snb
598 1727 761 1783 condicione
780 1727 904 1781 indicata
923 1726 1074 1780 Fabullum
1092 1744 1174 1781 suum
1194 1728 1324 1798 (fortasse

144 1817 244 1870 rudem
274 1816 382 1871 sacculi
413 1815 591 1885 plenitudine
618 1814 805 1884 laborantem)
834 1832 890 1869 non
919 1831 979 1869 esse
1007 1816 1169 1885 uenturum,
1199 1817 1325 1872 Catullus

146 1923 245 1961 canam
263 1905 308 1961 ita
325 1922 343 1960 a
361 1923 390 1960 se
409 1906 547 1974 deflectit,
567 1906 599 1960 nt
617 1906 690 1960 salse
704 1905 853 1974 lepideque
873 1905 946 1959 sicut
960 1908 1054 1960 cetera
1070 1905 1113 1959 ita
1125 1923 1231 1961 merum
1246 1923 1323 1962 amo-

145 2013 201 2051 rem
221 1997 447 2064 unguentorum,
467 2011 584 2062 quorum
600 1992 736 2063 optimam
752 1993 894 2062 quandam
909 1994 1033 2064 speciem
1047 1994 1113 2049 huic
1128 1994 1248 2050 amatori
1262 2013 1324 2066 pro·

144 2084 248 2152 mittit,
267 2083 371 2138 reddat
388 2084 486 2138 amico.
516 2082 572 2137 iam
592 2099 659 2138 nero
677 2082 779 2137 melius
797 2083 990 2153 intellegimus
1009 2083 1079 2138 illud
1100 2084 1223 2140 ‘cenabis
1239 2085 1322 2140 bene’

144 2192 203 2229 rum
228 2172 260 2229 ui
286 2172 377 2228 multa
401 2189 456 2227 non
481 2171 570 2227 solum
595 2173 624 2227 in
647 2172 728 2228 initio
753 2173 889 2241 positum,
913 2172 1066 2228 sedetiam
1090 2190 1154 2227 mox
1172 2173 1324 2243 repetitum

145 2266 239 2331 i‘sane
259 2262 389 2329 cenabis,
412 2266 444 2316 ut
462 2278 515 2330 ego
540 2261 699 2330 promisi’):
724 2261 753 2314 in
776 2260 914 2331 angustiis
938 2264 1095 2317 uersantem
1119 2262 1147 2317 C.
1167 2263 1324 2332 callideque

144 2355 266 2424 effugere
292 2354 473 2420 quaerentem
499 2350 636 2408 uidemus.
674 2350 784 2406 accedit
808 2352 841 2404 ut
862 2350 905 2404 ita
923 2352 1046 2405 statuam
1065 2352 1155 2405 altera
1177 2369 1228 2404 res.
1267 2351 1323 2406 iam

145 2444 270 2497 Muretus
296 2440 474 2509 comparauit
491 2438 573 2494 Mart.
594 2439 634 2492 lll
655 2445 702 2494 122
728 2445 897 2509 unquentum
920 2441 1008 2507 faleor
1027 2441 1125 2495 boaam
1144 2440 1243 2495 dedisti
1261 2457 1323 2495 caa-

144 2534 217 2586 siais
235 2531 314 2596 here,
332 2529 379 2584 sed
397 2529 470 2583 nibil
488 2530 604 2588 scidisti.
636 2544 679 2582 res
697 2529 772 2583 salsa
790 2534 828 2582 est
848 2530 912 2583 beas
930 2529 999 2582 olere
1018 2536 1042 2582 et
1060 2532 1171 2584 esurire.
1200 2531 1249 2598 qai
1267 2546 1323 2584 aaa

144 2627 220 2676 aeaut
248 2626 274 2674 et
301 2620 433 2688 sagitta,
457 2617 589 2686 Fabulle,
615 2619 659 2672 hic
683 2634 746 2671 rcere
772 2618 840 2671 mibi
865 2624 987 2672 mortuas
1012 2618 1130 2673 uidetur.
1168 2618 1214 2673 hic
1238 2637 1323 2673 unum

144 2713 222 2764 acute
249 2707 326 2763 uidit
349 2706 511 2761 Huschkins
531 2707 560 2777 [l.
581 2707 598 2759 l.
618 2724 645 2775 p.
663 2706 741 2777 310]‚
765 2706 924 2761 Martialem
948 2709 980 2760 ut
1004 2710 1047 2761 tot
1070 2708 1127 2762 alia
1150 2708 1192 2761 ita
1211 2708 1323 2763 Fabulli

144 2816 244 2853 nomen
263 2801 410 2865 tamquam
430 2799 596 2867 perpetuum
615 2799 645 2850 et
663 2796 764 2849 stabile
784 2798 940 2865 (personam
960 2798 1084 2865 typicam
1104 2798 1221 2851 barbare
1241 2814 1322 2852 uoca-

145 2893 213 2955 mus)
234 2905 270 2942 ex
285 2886 398 2942 Catullo
419 2885 622 2954 adsumpsisse,
643 2902 676 2939 eo
691 2885 749 2938 fere
765 2885 861 2949 modo,
882 2903 936 2952 quo
956 2887 985 2939 et
1000 2885 1140 2940 iuuenilis
1156 2885 1323 2955 Persiusque

144 2977 266 3033 inuentis
291 2977 367 3045 apud
391 2976 528 3030 Lucilium
549 2974 706 3043 Vergilium
726 2973 875 3028 Horatium
900 2973 1057 3027 nominibus
1083 2977 1235 3031 uterentur.
1273 2977 1322 3031 sed

145 3067 243 3121 inhoc
263 3065 314 3120 ille
334 3064 421 3119 falsus
447 3064 516 3118 mibi
535 3064 647 3117 uidetur
666 3061 742 3131 quod
766 3062 865 3116 adicit:
888 3063 1038 3117 ‘inuitatus
1062 3064 1097 3116 ad
1117 3080 1215 3118 cenam
1234 3084 1251 3120 a
1271 3067 1317 3120 Fa·

146 3157 219 3210 bullo
240 3152 462 3209 Catullus‘nihil
481 3153 538 3207 fere
559 3153 694 3207 retulerat
713 3150 768 3205 nisi
787 3155 872 3221 caput
891 3151 1010 3207 unctius.
1048 3155 1079 3205 ut
1099 3159 1323 3208 remuneraretur

144 3263 204 3299 eum
223 3262 313 3313 quarn
332 3243 476 3297 simillimo
491 3259 618 3307 munere,
639 3240 764 3295 uicissim
778 3241 927 3295 Fabullum
947 3241 1051 3294 inuitat
1068 3242 1104 3293 ad
1120 3259 1217 3296 cenam
1232 3260 1321 3311 paenc

144 3334 261 3390 dixerim
282 3332 499 3402 unguentariam
518 3349 552 3386 ea
567 3329 744 3396 condicione,
764 3346 848 3397 quam
864 3330 960 3384 nosti’.
990 3346 1052 3382 nam
1074 3331 1126 3384 hoc
1146 3330 1169 3382 si
1189 3333 1321 3399 sequeris,

145 3443 197 3494 quo
221 3422 282 3478 sale
309 3423 382 3476 hunc
402 3421 550 3476 Fabullum
574 3420 674 3473 feccrit
693 3418 831 3473 Martialis
856 3420 1061 3487 unguentorum
1081 3422 1235 3472 amatorem
1256 3416 1320 3473 κατ’

146 3510 243 3583 stapris
268 3530 370 3583 parum
390 3511 574 3581 perspicimus
599 3513 628 3565 et
647 3507 753 3563 Catulli
773 3525 882 3560 carmen
908 3507 990 3560 nimis
1010 3506 1098 3560 hilare
1118 3507 1244 3576 risusque
1264 3508 1321 3577 ple-

146 3622 206 3657 num
226 3618 324 3656 carere
345 3616 391 3664 ea,
419 3617 503 3668 quam
528 3601 557 3654 in
577 3600 627 3653 ilio
647 3616 738 3653 rerum
760 3600 834 3651 statu
854 3613 919 3650 sane
944 3596 1148 3664 expectaueris,
1168 3597 1321 3652 acerbitate

146 3692 292 3747 sanamus:
319 3707 376 3744 non
395 3689 534 3757 quadrant
552 3706 683 3743 uersuum
703 3693 860 3742 nostrorum
880 3687 952 3740 sales
972 3687 999 3739 in
1018 3702 1147 3739 scaenam
1166 3685 1321 3742 Huschkia-

146 3799 214 3837 uani.
245 3779 315 3849 quid
331 3796 406 3846 uero,
425 3777 449 3832 si
464 3778 538 3848 apud
553 3780 672 3844 ueteres,
692 3777 792 3845 quibus
808 3775 916 3830 scilicet
931 3775 998 3844 quid
1013 3776 1130 3845 singulis
1145 3775 1248 3830 Catulli
1264 3795 1322 3831 car·

146 3871 265 3924 minibus
281 3868 406 3923 dedisset
422 3885 518 3922 ansam
534 3868 609 3922 haud
626 3866 755 3936 ignotum
770 3869 852 3931 esset,
863 3881 953 3934 paene
967 3865 995 3918 in
1011 3866 1190 3935 prouerbium
1205 3867 1322 3932 abierat,

147 3963 240 4030 utpote
256 3975 300 4013 res
316 3957 453 4012 cachinno
468 3957 562 4027 digna,
582 3956 692 4011 Fabulii
714 3955 828 4025 egregia
848 3954 898 4009 illa
914 3953 1058 4009 excusatio
1079 3956 1182 4008 ‘merus
1199 3973 1321 4023 unguen·

146 4060 233 4104 rorum
254 4048 343 4101 amor'
366 4050 395 4101 et
414 4047 480 4101 hinc
500 4064 647 4116 personam
667 4062 745 4099 suam
766 4045 899 4098 stabilem
919 4047 1063 4098 mutuatus
1084 4047 1127 4097 est
1147 4043 1303 4097 Martialis?

688 4202 777 4256 XIV.

214 4317 244 4372 1.
270 4313 324 4370 ilci
348 4317 378 4370 te
403 4315 473 4384 plus
497 4314 595 4370 oculis
620 4315 693 4369 meis
719 4327 860 4368 amarem.
900 4314 988 4380 ‘nei’‚
1007 4314 1049 4379 ni,
1069 4314 1101 4365 ut
1119 4312 1157 4364 Vl
1176 4317 1201 4366 2.
1239 4329 1320 4382 porro

149 4405 182 4460 d.
198 4403 237 4460 111
256 4411 281 4460 b.
318 4404 447 4459 imitatur
470 4403 618 4459 Maecenas
644 4405 673 4458 in
698 4405 773 4458 Suet.
798 4403 857 4456 uita
877 4403 941 4458 Hor.
965 4404 997 4456 ni
1022 4410 1046 4457 te
1072 4402 1222 4455 aurailus
1247 4404 1321 4466 meis,
