2940 4912
663 323 712 376 11
732 328 811 377 1-1.
1260 323 1324 389 139

144 485 191 539 hio
210 486 308 538 tamen
327 483 479 553 peculiaris
503 484 585 552 plane
609 484 691 538 huius
716 483 825 538 tutelae
850 486 893 538 est
911 484 997 550 ratio,
1021 485 1052 538 ut
1073 483 1131 539 iere
1150 484 1246 539 ualeat
1263 502 1324 540 uer-

143 574 211 626 bum
231 572 304 627 illud
324 572 401 627 ‘fidei
420 575 486 627 tuae
505 573 629 627 mando’.
663 576 722 626 tum
744 574 800 628 ‘me
819 590 852 628 ao
866 592 903 629 m.
919 574 955 628 a'
977 573 1088 628 diuerso
1108 589 1126 626 a
1140 572 1178 625 VI
1195 581 1225 628 16
1240 575 1324 630 modo

143 666 189 716 est
207 661 317 716 dictum
337 661 373 715 de
391 666 516 730 amante,
539 662 587 730 qui
607 678 670 716 eum
694 665 789 717 amato
813 679 899 716 unum
918 679 947 716 se
966 679 1026 717 esse
1046 663 1145 728 sentit;
1169 664 1242 717 unde
1261 663 1323 718 Ter.

145 751 257 807 Phorm.
275 750 289 802 l
308 756 334 818 4,
354 757 388 804 40
407 752 487 806 uobis
504 752 658 806 courmeudo
679 751 819 806 Phanium
839 757 863 806 et
882 752 970 806 uitam
989 768 1081 805 meam.
1102 784 1134 793 -
1155 752 1184 808 2.
1204 751 1323 807 uentum

144 843 217 911 peto
247 840 420 909 pudentem.
464 857 482 895 a
506 839 620 894 ‘uenia’
649 840 745 909 prooul
772 841 877 895 habeus
908 840 1054 909 uulgarem
1080 840 1324 911 significationem,

145 948 231 1000 qnam
251 929 368 999 exponit
385 928 457 985 Gell.
473 931 509 984 xl
526 937 551 997 8,
566 936 595 995 43
615 928 758 999 significat
775 930 869 999 potius
891 929 1004 997 ‘fauor’,
1023 934 1052 985 et
1072 931 1194 985 ‘ueniam
1214 931 1320 1001 petere’

145 1021 203 1075 iere
231 1022 276 1072 est
300 1035 399 1088 rogare
425 1019 541 1088 aliquod
566 1018 733 1073 beneficium
760 1018 901 1088 (aliquam
927 1019 1077 1089 gratiam),
1106 1037 1188 1089 porro
1214 1018 1324 1089 petenti

146 1109 259 1163 ‘danim
279 1109 403 1163 ueniam'
425 1107 484 1162 siue
504 1112 605 1178 rogata
623 1108 816 1174 consedimus,
836 1110 868 1162 nt
886 1106 941 1162 (lio.
962 1109 997 1162 ad
1018 1108 1110 1174 Quint.
1131 1107 1164 1163 fr.
1185 1109 1224 1161 llI
1245 1114 1268 1173 1,
1290 1114 1320 1160 11

147 1199 278 1254 Caesaris
291 1198 436 1252 consiliam
454 1199 554 1266 probo,
572 1199 643 1267 qaod
657 1198 710 1252 tibi
723 1199 910 1252 amantissime
925 1200 1030 1267 petenti
1046 1199 1156 1253 aenium
1170 1214 1226 1251 non
1240 1198 1324 1263 dedit,

145 1291 190 1344 uti
208 1333 213 1343 .
228 1331 234 1342 .
252 1288 424 1352 rescriberes,
444 1285 509 1340 Hor.
530 1302 554 1340 a.
571 1306 597 1357 p.
618 1293 650 1340 11
670 1289 741 1342 hanc
760 1289 870 1342 ueniam
884 1290 1055 1358 petimusque
1073 1289 1221 1356 domusque
1238 1288 1322 1342 uicis·

144 1381 206 1434 sin.
245 1376 295 1431 sed
317 1392 373 1445 qno
396 1377 457 1431 iure
480 1374 550 1430 haee
573 1376 656 1431 uenia
679 1378 796 1431 uocatur
816 1377 977 1446 ‘pudens’t
1014 1377 1050 1431 ab
1073 1376 1233 1432 hominibus
1256 1392 1324 1444 pree

141 1468 255 1539 pudore
275 1465 410 1520 modestis
428 1466 498 1520 haee
517 1482 571 1521 uox
590 1465 732 1520 interdum
752 1465 917 1521 transfertur
936 1466 1049 1533 adres,
1072 1465 1173 1535 quibus
1192 1463 1323 1519 nimirum

144 1555 289 1612 modestia
303 1570 331 1609 se
347 1553 511 1610 manifestat
528 1557 572 1624 (ut
585 1555 666 1610 Ouid.
681 1555 763 1625 epist.
777 1562 817 1623 19,
833 1561 866 1610 59
881 1558 976 1611 uultus
985 1556 1139 1625 pudentes).
1168 1553 1214 1609 hic
1229 1558 1324 1609 tanoen

144 1663 201 1701 non
220 1645 252 1699 in
270 1661 299 1698 re
318 1643 422 1714 petita,
447 1645 495 1697 sed
514 1644 544 1698 in
563 1661 618 1699 nno
638 1645 754 1714 soloque
773 1645 888 1715 petendi
908 1646 991 1700 modo
1011 1646 1130 1715 apparet
1147 1643 1245 1712 aliqua
1263 1661 1323 1698 mo-

142 1736 245 1790 destia
284 1750 337 1788 neo
360 1733 419 1788 ulla
438 1735 482 1787 eet
505 1733 647 1788 excusatio
670 1735 706 1788 ab
730 1734 895 1804 hypallage;
919 1735 1086 1802 rideremus,
1110 1732 1197 1801 siquis
1215 1750 1324 1803 germa-

143 1827 207 1880 nice
227 1823 337 1879 diceret
356 1822 417 1876 ‘ioh
437 1821 508 1876 bitte
532 1840 580 1876 um
603 1822 648 1876 die
667 1822 852 1877 bescheidene
876 1823 986 1892 guust'.
1024 1821 1235 1890 obsequendum
1254 1839 1322 1892 ergo

144 1931 220 1973 nnuc¹
244 1916 315 1982 puto
333 1910 436 1967 Iacobo
456 1911 568 1981 Maelrly
588 1911 734 1983 [Fleckeis.
756 1929 819 1969 ann.
840 1918 905 1967 1871
931 1930 957 1981 p.
977 1913 1055 1984 ttt],
1080 1913 1127 1981 qui
1153 1912 1321 1982 ‘pudenter’

145 1992 304 2073 dagitrhim
324 2002 359 2056 of.
379 2000 434 2056 Cic.
455 2001 491 2056 ad
510 2004 568 2056 Att.
588 2002 654 2056 XVI
674 2008 715 2070 15,
735 2009 751 2057 t
768 2003 965 2072 pudentissimo
982 2003 1032 2056 lsoe
1052 2001 1144 2057 Cicero
1158 2003 1277 2072 petierat
1297 2005 1325 2057 et

143 2094 288 2159 11111113,
312 2091 362 2146 ubi
386 2090 556 2160 ‘pudenter’
578 2091 712 2145 maiorem
731 2092 818 2146 habet
842 2091 913 2157 uim,
939 2091 963 2145 si
983 2091 1040 2145 iem
1062 2093 1146 2145 antea
1169 2091 1325 2161 legebatur.

144 2201 200 2239 non
218 2186 299 2238 reete
318 2183 412 2235 autem
431 2179 502 2234 haee
520 2180 607 2234 uerba
627 2181 664 2235 ‘u
679 2198 705 2249 p.
721 2181 760 2250 p.'
776 2180 957 2235 includuntur
971 2181 1147 2250 parenthesi,
1167 2181 1233 2249 quia
1249 2182 1324 2238 τ11..

144 2271 308 2328 conserues'
329 2267 430 2324 melius
449 2269 538 2323 multo
557 2269 593 2323 ab
613 2269 735 2323 ‘ueniam
752 2270 830 2337 peto'
851 2287 934 2338 quam
950 2268 987 2324 ab
1003 2270 1190 2324 ‘commendo’
1207 2271 1323 2340 pendet;

145 2360 326 2417 subiciuntur
344 2361 439 2413 autem
457 2358 509 2413 illa
527 2358 680 2427 prioribus,
699 2359 806 2412 utiam
825 2359 973 2428 intellego,
992 2377 1041 2428 per
1060 2359 1216 2428 asyndeton
1235 2359 1324 2428 expli·

144 2453 273 2508 minum
293 2446 431 2519 (‘Aureli:
457 2446 613 2516 ueninm’);
636 2448 844 2503 commendatio
868 2465 923 2516 qno
943 2448 1026 2502 modo
1044 2448 1138 2502 locum
1155 2446 1261 2502 habeat
1279 2466 1325 2502 ex·

144 2535 700 2613 101111118111111111111011111111Ιί,
720 2539 750 2592 et
768 2537 915 2604 ueniem’).
930 2568 963 2577 -
978 2537 1007 2606 s,
1028 2536 1056 2606 4,
1076 2537 1105 2592 t.
1126 2539 1176 2606 ut,
1196 2536 1222 2590 sl
1242 2537 1324 2604 quic·

146 2646 236 2699 qm
257 2628 358 2684 animo
376 2628 430 2681 tuo
449 2625 577 2698 cupisti,
596 2627 676 2693 quod
696 2627 810 2681 eastum
831 2628 990 2696 expeteres
1005 2628 1036 2682 et
1050 2626 1240 2695 tntegellunr,
1255 2641 1323 2682 oon·

145 2733 252 2775 senes
272 2731 398 2786 puerum
418 2715 493 2769 mllrl
517 2715 635 2784 pudloe.
675 2717 732 2769 ‘si’
759 2717 787 2770 in
807 2717 1006 2782 obtestatione,
1031 2715 1066 2771 ci.
1086 2717 1121 2769 ad
1141 2713 1254 2768 LXXVI
1277 2721 1321 2770 17:

145 2810 168 2862 si
188 2824 325 2877 umquam
343 2804 444 2859 intimo
464 2809 576 2874 pectore
595 2805 740 2874 appetiisti
759 2805 855 2872 (LXIV
875 2812 939 2870 1453
960 2806 1093 2860 AStntius
1113 2823 1155 2875 cp.
1173 2804 1243 2860 Enn.
1260 2822 1323 2859 ann.

145 2904 179 2951 49
200 2897 233 2951 V.
254 2897 334 2952 corde
352 2896 471 2964 cupitus)
496 2894 603 2963 aliquid
627 2895 778 2963 eiusmodi,
803 2900 833 2948 11
859 2897 887 2949 id
912 2896 1000 2949 uelles
1025 2899 1194 2965 optaresque
1214 2914 1325 2951 manere

147 3005 248 3055 purum
269 2985 461 3051 intactumque
481 3001 498 3036 a
516 2983 579 3036 labe
595 2984 761 3051 (HHeinius:
783 2985 849 3036 ‘und
869 2984 951 3037 beten
971 2986 1034 3038 dass
1054 2984 1123 3040 Gott
1137 2983 1202 3038 dieh
1218 2985 1325 3040 erhalte

146 3092 177 3129 so
197 3075 259 3129 rein
280 3073 335 3126 und
354 3072 458 3126 schoen
478 3071 534 3125 und
554 3072 664 3140 hold’),
688 3076 753 3141 peto
773 3076 805 3126 ut
823 3072 944 3127 quentii
963 3074 1096 3141 pudorem
1116 3073 1230 3128 tuearis.
1269 3073 1324 3128 Cic.

148 3166 184 3219 ad
204 3164 273 3217 iam.
293 3161 330 3215 lX
352 3167 393 3228 10,
413 3167 429 3213 3
448 3162 643 3215 serenissimum
668 3160 827 3233 συμβιωτὴν
852 3169 975 3215 nostrum
991 3164 1137 3230 praestabo
1160 3165 1325 3231 intepentem,

146 3256 178 3308 es.
200 3250 319 3306 XXXIV
338 3257 367 3315 2,
393 3248 453 3303 LXI
472 3255 514 3303 36.
553 3249 696 3319 ‘pudice',
722 3252 795 3318 quod
822 3253 906 3320 uulgo
932 3253 1083 3305 secundum
1103 3253 1126 3307 V
1151 3253 1260 3319 legunt,
1285 3253 1325 3306 in·

146 3348 259 3413 tegrum
280 3358 341 3394 esse
362 3340 466 3407 nequit.
505 3356 593 3407 neque
614 3339 687 3393 enim
707 3341 760 3393 irae
780 3341 813 3393 <le
833 3358 862 3392 re
882 3341 988 3408 agitur,
1009 3345 1039 3394 nt
1058 3358 1126 3408 puer
1145 3342 1327 3394 conseruetur

147 3432 230 3502 {quod
251 3430 321 3498 quid
341 3430 435 3483 ualeat
454 3429 536 3483 docet
554 3445 596 3482 ex.
613 3446 654 3496 gr.
674 3427 768 3498 Nepos
785 3430 881 3485 Them.
898 3436 953 3496 5,2
974 3433 1003 3482 et
1023 3436 1047 3495 8,
1064 3432 1090 3496 6)
1111 3429 1193 3481 modo
1213 3430 1324 3497 pudico,

147 3523 193 3576 sed
209 3520 351 3592 pudicitia
366 3518 443 3586 pueri
462 3520 495 3571 nt
508 3522 696 3572 conseruetur.
725 3520 778 3572 hoe
793 3519 1028 3587 quemadmodum
1043 3517 1215 3585 exprimatur
1229 3516 1325 3584 latine,

146 3612 220 3664 disce
239 3627 275 3663 ex
295 3607 379 3677 Prop.
400 3606 424 3661 ll
443 3614 486 3674 32,
505 3614 540 3661 tt
559 3609 654 3662 lectum
672 3625 782 3662 scrutare
797 3610 930 3677 pudicum
958 3611 986 3660 et
1004 3607 1041 3659 lV
1062 3614 1088 3672 3,
1106 3613 1142 3660 69
1162 3608 1326 3676 incorrupta

147 3702 196 3753 ιη’
214 3714 350 3753 cononem
369 3697 478 3762 [oedem
497 3699 570 3762 lecti,
588 3696 672 3766 Verg.
689 3700 755 3750 Aen.
778 3696 841 3750 Vlll
860 3703 911 3750 413
931 3703 1034 3750 castum
1053 3703 1084 3750 ut
1102 3713 1215 3751 seruare
1234 3698 1322 3751 cubile

146 3790 284 3857 misyis,
304 3787 370 3841 Hor.
386 3789 437 3839 sat.
459 3785 468 3837 l
489 3792 513 3853 6,
533 3791 566 3839 82
582 3788 716 3854 particum
736 3828 760 3839 ..
781 3789 904 3840 seruauit
923 3788 958 3840 ab
977 3788 1051 3840 ouini
1073 3803 1128 3841 riou
1147 3788 1233 3840 solum
1251 3789 1326 3854 sacto

147 3896 210 3947 eqo,
229 3881 324 3932 Amm.
341 3876 463 3929 Marcell.
479 3874 541 3927 XIX
561 3882 585 3939 9,
607 3882 622 3928 3
644 3892 713 3929 uxor
733 3919 756 3931 ..
776 3878 895 3930 retinens
910 3878 1046 3944 pudorem
1066 3877 1243 3941 irrssiolntum,
1263 3875 1326 3929 aliis

147 3968 213 4022 loeis
237 3965 348 4031 multis;
375 3970 471 4019 eontra
494 3964 658 4019 aduerbium
683 3983 737 4034 quo
760 3966 841 4019 ruodo
866 3969 894 4018 ot
913 3965 1013 4033 quibus
1039 3983 1101 4019 oum
1126 3964 1219 4018 uerbis
1244 3964 1324 4017 edhi-

148 4056 257 4122 tatur,
278 4071 362 4108 nosce
381 4071 415 4107 ex
434 4054 526 4107 Plaut.
547 4054 647 4122 Amph.
669 4055 680 4107 l
702 4060 725 4120 1,
748 4060 797 4107 193
819 4055 883 4107 bene
897 4056 1050 4123 pudiceque
1069 4057 1244 4116 adseruntur,
1265 4053 1325 4104 Liu.

148 4145 233 4199 xxvl
254 4151 300 4211 49,
323 4149 354 4196 16
379 4144 499 4211 limique
521 4145 596 4197 111111
618 4160 693 4196 secus
716 4145 866 4196 uerecundo
889 4161 922 4197 oo
940 4146 1052 4197 rnorleslr
1076 4161 1157 4212 quam
1184 4142 1321 4210 hospitum

146 4238 272 4304 mnieqes
290 4250 325 4288 ac
344 4237 443 4287 matres
462 4234 555 4298 incasit,
576 4232 665 4285 Amm.
682 4233 804 4286 Marcell.
821 4231 884 4285 XVl
900 4239 924 4299 7,
943 4239 973 4284 10
993 4234 1040 4301 qui
1055 4232 1191 4299 tilpinum
1208 4233 1325 4300 ..patri

145 4326 279 4379 misnae
295 4339 419 4377 maana.
458 4321 536 4375 nulla
555 4321 642 4391 igitur
661 4322 700 4375 eie
721 4322 848 4390 quidem,
867 4323 914 4390 qui
935 4338 1032 4391 sapere
1053 4320 1168 4385 nudent,
1188 4321 1326 4376 dubitatio

145 4415 197 4470 erit
214 4411 286 4484 quin
306 4414 383 4466 recte
402 4411 570 4465 correxerim
592 4412 739 4480 ‘pudicd',
759 4411 835 4480 quod
860 4409 952 4464 solitn.
965 4411 1056 4464 exitus
1076 4427 1208 4463 uersuum
1228 4411 1326 4480 depra-
