2940 4912
588 329 677 386 11717
695 336 844 386 err-ers.
1236 329 1302 394 425

129 485 207 564 οὖεῷ
228 489 260 546 st
280 487 396 565 sstzph
416 492 450 548 cl.
466 493 490 546 X
505 498 552 560 94,
571 492 687 547 LXVIII
704 497 752 559 93;
771 508 827 561 quo
845 492 908 546 loco
927 491 1016 545 altero
1034 494 1067 546 ut
1081 490 1149 545 ‘hio'
1166 491 1196 545 et
1210 489 1301 559 ‘tale’‚

130 579 170 633 sic
189 583 288 634 nost-ro
308 581 377 635 'hic’
399 584 428 636 et
446 598 471 635 u.
491 587 544 636 976
565 581 616 636 ‘sic
634 580 686 635 ibi’
708 582 847 637 cohaeret.
880 579 973 650 posita
995 582 1038 635 est
1057 589 1150 634 autem
1169 596 1302 648 conpara·

127 668 213 723 tionis
238 667 295 723 iam
320 670 461 739 sequentis
485 687 593 724 summa
618 671 646 723 in
669 687 716 737 so,
742 668 816 738 quod
836 667 1033 723 Thessalorum
1057 669 1093 722 ad
1117 668 1189 723 iores
1208 667 1302 738 regiae

128 759 338 828 properantium
358 758 518 827 exitumque
538 759 730 826 quaerentium
751 759 881 813 decessus
900 757 928 811 in
953 757 1034 812 initio
1052 757 1144 812 lentus
1164 758 1209 826 (cf.
1229 757 1302 812 ‘coe-

129 847 200 916 pit')
228 864 306 915 mox,
340 866 402 903 cum
430 849 523 918 plures
550 848 599 917 qui
633 848 854 916 insequebantur
881 849 1033 915 urguerent
1059 862 1163 917 paucos
1188 844 1301 915 priores,

128 937 219 1007 magis
240 938 385 1008 magisque
405 942 448 992 est
471 936 562 992 factus
582 936 751 1004 concitatus,
776 936 858 1005 plane
877 939 909 991 ut
927 952 1003 990 mare
1024 934 1108 1005 paulo
1128 937 1192 989 ante
1211 935 1300 989 lucem

129 1040 231 1079 nouam
242 1024 379 1095 paulatim
390 1024 536 1094 insurgens
546 1024 680 1078 flantibus
690 1024 746 1076 iam
757 1022 848 1078 acrius
858 1023 949 1078 uentis
960 1026 1151 1078 commonetur
1160 1027 1301 1078 aestuans·

128 1127 183 1182 que
201 1111 314 1167 crebras
333 1113 394 1182 agit
412 1114 513 1180 undam
538 1114 615 1167 cuius
640 1112 771 1182 imaginis
794 1130 812 1167 a
830 1111 943 1166 Catullo
962 1114 1057 1182 pulcre
1077 1112 1238 1167 elaboratae
1257 1130 1303 1167 ex-

129 1205 300 1269 ornataeque
319 1202 411 1271 prima
429 1201 517 1256 habes
536 1199 708 1255 lineamenta
722 1201 797 1271 apud
813 1202 893 1255 Hom.
908 1200 939 1254 ll.
956 1201 980 1255 ΙΙ
998 1206 1047 1255 149
1063 1202 1301 1256 089941118ιίωο-

128 1306 182 1358 que
202 1290 240 1343 IV
260 1295 312 1346 499
327 1307 387 1360 sqq.
408 1322 439 1330 -
467 1291 567 1359 qualis
585 1291 662 1345 flatu
680 1290 831 1360 placltlum
851 1305 934 1346 mare
953 1291 1102 1346 matutino
1121 1289 1303 1346 horrificans

129 1379 284 1449 Zephyrus
309 1379 458 1449 proelluls
481 1379 591 1434 lucltat
613 1379 718 1435 nudus.
760 1396 836 1433 mare
865 1396 914 1448 per
940 1382 1051 1434 noctem
1080 1380 1202 1450 positum
1226 1382 1301 1434 trau·

128 1469 313 1538 quinamque,
330 1468 378 1523 sed
394 1485 423 1522 se
438 1467 540 1522 tollens
555 1470 682 1538 tempore
697 1469 843 1536 matutino,
859 1469 996 1539 zephyrus
1006 1468 1065 1537 (qui
1080 1467 1126 1522 hic
1141 1487 1190 1539 pro
1204 1469 1303 1538 quouis

128 1559 214 1612 uento
235 1557 291 1611 diei
309 1557 423 1611 uidetur
441 1573 474 1611 ex
493 1573 570 1612 more
588 1560 748 1626 poetarum,
768 1556 801 1613 cl.
823 1558 903 1627 Prop.
924 1557 936 1610 I
958 1563 998 1625 16,
1017 1563 1060 1624 84,
1080 1559 1164 1628 Verg.
1183 1559 1250 1613 Aen.
1266 1558 1304 1612 IV

129 1652 194 1712 5623
219 1663 270 1701 nse
293 1645 405 1701 uidetur
429 1662 514 1700 causa
536 1646 633 1701 adesse
657 1663 706 1701 cur
730 1644 764 1700 de
784 1645 953 1701 Graecorum
972 1648 1093 1716 zephyro
1112 1646 1215 1701 imbres
1234 1649 1302 1702 tem-

130 1737 325 1806 pestatemque
345 1734 450 1790 ferente
470 1735 637 1806 cogitemus)
658 1732 822 1791 ‘horrificat'
844 1736 903 1789 sius
922 1735 1028 1805 crispat
1046 1735 1138 1803 (Hom.
1155 1735 1185 1791 ll.
1202 1737 1253 1790 Vll
1269 1743 1303 1792 68

129 1826 175 1894 οἴη
198 1823 230 1879 δὲ
256 1822 391 1893 ζεφύροιο
411 1819 530 1893 ἐχεύατο
548 1821 654 1878 πόντον
675 1823 720 1879 ἔπι
741 1825 807 1893 φρὶξ
833 1821 1000 1893 ὀρνυμένοιο
1019 1823 1099 1890 νέον,
1123 1825 1160 1880 ib.
1181 1825 1218 1878 lV
1237 1831 1303 1891 4023

128 1915 204 1985 apud
223 1913 339 1968 Latinos
361 1913 480 1968 ‘horror'
505 1913 596 1983 magis
621 1914 659 1969 ad
678 1912 805 1968 saeuiens
829 1930 905 1968 mare
928 1913 1051 1982 pertinet
1069 1914 1248 1983 plerumque,
1268 1914 1303 1968 cl.

128 2006 225 2058 tamen
249 2001 305 2057 Cic.
325 2003 359 2056 de
379 2019 434 2072 rep.
454 2001 533 2069 140,
554 2009 587 2058 68
611 2005 660 2058 uhi
681 2005 772 2059 subito
795 2005 881 2073 coepit
907 2020 983 2058 mare
1000 2004 1161 2071 hwescere,
1180 2004 1234 2059 hoc
1252 2007 1305 2072 est,

130 2092 280 2147 tremulum
301 2089 373 2155 fieri,
398 2094 464 2145 Aen.
485 2091 524 2144 111
545 2098 608 2160 196,
633 2093 705 2147 Stat.
729 2092 791 2146 sila.
812 2094 835 2147 V
854 2098 884 2158 4,
905 2099 933 2160 6,
958 2092 1059 2146 Lucan.
1079 2094 1103 2147 V
1122 2097 1186 2160 446)
1211 2097 1241 2149 et
1263 2092 1305 2148 ita

130 2185 227 2235 mouet
253 2180 344 2234 undas'
370 2181 403 2233 ut
429 2180 568 2250 procliues
596 2182 665 2235 fiant
692 2182 732 2251 (cl
763 2185 828 2251 906)
857 2181 916 2236 siue
944 2198 1048 2252 pronas
1076 2182 1210 2236 aduersus
1237 2181 1304 2236 litus

130 2270 283 2325 uoluantur
301 2269 391 2337 (liner.
407 2270 445 2323 VI
463 2276 513 2325 798
528 2276 553 2324 et
567 2272 703 2340 procliuia
721 2273 784 2326 item
799 2274 849 2338 fiat
863 2272 955 2325 minus
968 2272 1085 2339 impetus
1098 2273 1201 2339 undis).
1231 2275 1305 2327 cete·

131 2378 191 2413 rum
211 2359 317 2413 formae
338 2359 499 2428 ‘procliues’
521 2362 551 2413 et
570 2360 732 2429 ‘procliuas’
754 2378 815 2414 cum
839 2359 896 2414 sint
914 2378 932 2414 a
948 2359 1092 2415 latinitate
1111 2376 1199 2428 aeque
1217 2362 1304 2429 tutae,

131 2447 223 2518 recepi
242 2463 304 2502 eam
323 2465 406 2515 quam
427 2449 636 2504 commendauit
653 2450 742 2504 maior
759 2449 824 2504 libri
839 2448 862 2506 0
877 2447 1038 2504 auctoritas.
1055 2479 1088 2488 -
1103 2449 1170 2504 971.
1186 2451 1305 2506 Aurora

131 2537 289 2592 exoriente
308 2537 379 2605 uugi
397 2537 453 2593 suh
472 2538 587 2593 lumlua
606 2539 692 2594 solis.
721 2539 887 2607 accuratius,
907 2542 940 2594 ut
954 2539 1012 2593 fere
1027 2539 1159 2608 oportuit,
1178 2556 1231 2594 nec
1245 2541 1305 2595 sola

131 2626 312 2681 exornatione
330 2627 442 2695 poetica
459 2625 529 2680 illud
551 2628 713 2682 ‘matutino'
735 2627 904 2697 explicatur:
926 2645 989 2682 cum
1009 2628 1097 2682 oritur
1115 2626 1224 2682 Aurora
1241 2644 1304 2683 nec·

131 2716 196 2769 dum
223 2715 355 2784 adparuit
377 2716 426 2770 sol.
471 2717 502 2782 Q.
522 2716 638 2770 Catulus
662 2717 736 2786 apud
760 2717 815 2771 Cic.
840 2718 867 2771 d.
886 2735 912 2770 n.
932 2717 958 2772 d.
984 2719 994 2769 l
1019 2721 1066 2783 98,
1086 2723 1119 2771 79
1143 2719 1304 2772 summatem

132 2807 272 2860 Atsroram
290 2807 361 2871 forte
378 2806 512 2860 salectano.
544 2805 618 2859 ‘sub‘
640 2823 702 2860 curn
717 2807 878 2861 accusatius
893 2809 962 2860 nota
981 2805 1198 2874 significatione;
1219 2806 1303 2876 Verg.

132 2897 198 2950 Aen.
219 2894 256 2947 Vl
274 2900 327 2948 966
346 2896 434 2964 primi
456 2895 505 2948 sttb
530 2895 636 2948 luminu
659 2896 724 2949 sotis
748 2901 773 2950 et
790 2901 879 2961 ortus,
903 2893 951 2949 ubi
975 2902 1111 2964 perpetua
1133 2894 1184 2948 illa
1206 2894 1304 2948 harum

132 3001 232 3039 uocum
253 2982 413 3038 confusione
431 2982 514 3052 pauci
533 2982 600 3037 libri
619 2983 739 3037 ‘limina'
757 2983 874 3050 habent,
894 2982 977 3052 plane
992 2983 1083 3036 uthis
1098 2983 1121 3038 V
1138 2981 1304 3051 ‘sublimia'‚

132 3074 204 3127 unde
223 3072 272 3126 alii
292 3071 356 3126 Itali
375 3071 491 3126 effecere
512 3071 575 3125 ‘sub
591 3070 710 3136 limina‘‚
730 3072 803 3127 male
823 3072 933 3140 utique,
952 3089 1015 3126 cum
1032 3071 1142 3127 ‘limina
1156 3071 1235 3128 solis‘
1257 3090 1302 3127 ne·

135 3181 187 3231 que
205 3161 367 3216 inueniatur
385 3159 455 3215 alibi
474 3161 584 3229 (contra
602 3162 736 3216 sollemne
751 3163 793 3216 est
808 3161 926 3216 ‘lumina
941 3161 1031 3231 solis’)
1052 3179 1142 3231 neque
1160 3179 1228 3217 uero
1246 3180 1305 3217 sen·

135 3269 192 3305 sum
214 3248 391 3304 commodum
415 3249 550 3320 praebeat
572 3250 617 3317 (de
637 3267 670 3303 ea
688 3254 782 3320 parte,
806 3250 854 3305 uhi
873 3251 914 3305 sol
935 3253 1052 3319 oriatur,
1078 3252 1220 3307 intellexit
1239 3253 1305 3307 Bur·

135 3358 261 3408 mannus,
277 3341 356 3408 quasi
373 3340 424 3393 hcc
439 3339 651 3394 commemorari
667 3340 819 3409 attineret).
850 3357 904 3394 non
924 3359 986 3396 raro
1006 3345 1099 3395 autem
1119 3341 1245 3411 epitheto
1265 3341 1307 3396 sol

134 3429 235 3484 dicitur
247 3429 368 3499 ‘uagus’‚
384 3430 416 3482 ut
430 3430 459 3483 et
472 3428 539 3482 luna
554 3429 702 3497 ceteraque
718 3429 809 3484 sidera
824 3433 931 3484 certum
946 3447 1055 3484 cursum
1069 3429 1244 3500 perficientia
1253 3433 1307 3499 (ut-

134 3522 199 3590 pote
214 3516 346 3588 opposita
360 3516 449 3571 stellis
460 3517 531 3584 fixis)
542 3516 662 3570 audiunt
672 3518 778 3587 ‘uaga'3
792 3517 853 3571 LXI
866 3524 925 3585 110,
940 3536 1037 3587 paneg.
1052 3519 1185 3573 Messalae
1196 3524 1229 3573 76
1240 3520 1307 3589 aopi

133 3610 267 3664 uisuntur
282 3623 388 3676 pascua
402 3607 475 3673 solis,
489 3606 613 3660 incertus
628 3612 722 3676 (supra
736 3625 762 3675 p.
779 3613 812 3660 14
826 3610 895 3674 not.)
910 3608 960 3661 hue
973 3624 1028 3675 qua
1047 3608 1086 3661 sol
1104 3624 1194 3678 capus
1212 3608 1306 3677 ipneas

133 3698 251 3752 babeam
269 3697 391 3750 inmittit.
413 3727 446 3736 -
464 3695 532 3750 979.
556 3696 642 3751 tarde
661 3696 792 3764 primunr
811 3695 952 3749 clementi
971 3695 1092 3750 ssanrlne
1111 3696 1217 3765 pulsae
1236 3709 1305 3765 pro·

133 3785 253 3841 emunt,
291 3785 365 3839 lente
390 3785 418 3837 in
442 3784 523 3839 initio
542 3788 703 3851 mouentur,
729 3788 827 3854 utpote
846 3785 972 3854 inpulsae
992 3789 1076 3839 uento
1097 3801 1149 3839 non
1170 3786 1213 3839 ita
1230 3785 1305 3842 sorti.

134 3874 202 3931 Stat.
221 3872 308 3929 Theb.
329 3873 352 3926 V
371 3880 424 3928 468
447 3874 600 3929 clementior
623 3880 723 3929 auster.
744 3904 776 3913 -—
802 3874 868 3929 978.
895 3873 1065 3942 leuiterque
1089 3875 1198 3929 sonant
1220 3873 1305 3943 plan·

134 3979 206 4032 gere
226 3963 356 4019 csehlnl.
396 3963 529 4030 ‘leuiter’‚
549 3965 581 4016 ut
600 3964 712 4028 ‘tarde'‚
732 3980 794 4017 cum
814 3963 842 4017 ui
862 3963 1065 4034 praepositum
1086 3964 1216 4034 suppleas
1233 3963 1305 4017 ‘tan-

133 4055 214 4109 tum’.
253 4052 396 4122 ‘plangor’
417 4050 461 4121 (cl.
481 4051 561 4106 Ouid.
582 4052 662 4120 epist.
686 4057 727 4118 18,
749 4057 796 4105 191
814 4053 989 4123 planpuutstr
1008 4055 1090 4108 litora
1108 4056 1202 4121 fluctu,
1221 4052 1304 4123 Verg.

134 4143 196 4198 (11
218 4149 282 4211 188,
306 4141 482 4210 maximeque
502 4140 563 4195 Sen.
585 4143 683 4210 Agttm.
704 4147 756 4195 680
780 4143 841 4196 licet
863 4144 989 4212 alegrerus
1009 4142 1094 4213 Ceyca
1118 4160 1196 4196 sutem
1220 4144 1306 4211 flama

133 4234 228 4287 lectiter
248 4233 395 4302 plaupentc
418 4235 526 4295 sonent,
552 4231 627 4298 quod
646 4231 729 4300 plane
754 4230 889 4284 traditam
913 4230 941 4284 in
962 4231 985 4285 θ
1009 4231 1158 4285 lectionem
1183 4230 1305 4298 stabilit3

135 4322 206 4376 male
225 4319 310 4391 uulgo
331 4320 398 4373 ‘leni
418 4320 575 4387 resonant')
595 4318 641 4374 hic
660 4321 693 4374 de
713 4320 849 4374 undarum
869 4319 987 4374 inuicem
1005 4319 1229 4388 superruentium
1248 4321 1306 4375 ictu

134 4412 319 4480 strepituque,
343 4412 375 4466 ut
398 4407 528 4464 similiter
546 4408 648 4464 Lucan.
668 4408 705 4463 Vl
726 4416 777 4464 690
797 4409 928 4477 planctus
952 4410 1039 4464 illisue
1061 4410 1188 4465 cautibus
1206 4411 1304 4466 undae.
