2940 4912
150 336 194 399 34
593 334 880 392 PaouaaomaNA.

151 507 242 581 lepas3
268 508 317 578 16,
342 508 383 565 38
407 507 451 565 nil
473 507 535 565 iam
560 507 593 564 in
615 507 703 565 ntum
728 507 878 565 oornliercm
900 506 979 575 dico;
1006 506 1056 564 scd
1083 507 1110 563 si
1132 509 1204 565 essct
1225 506 1328 578 alique

150 605 300 664 dissimilis
322 607 419 670 istius,
450 621 524 677 qnae
552 622 583 663 sc
605 605 738 663 munitus
754 604 956 677 pernnlparct,
984 620 1058 675 quac
1085 603 1200 662 loterel
1220 602 1327 676 polam

150 703 292 762 ulceratum
318 720 430 777 suuper
459 704 596 776 aliquem,
627 704 711 762 anius
738 704 771 760 in
796 701 891 759 tortos
919 701 1037 759 domum
1057 701 1155 761 Baras
1182 703 1246 760 inre
1273 717 1328 760 suo

150 800 283 860 libidines
305 803 434 860 omnium
457 804 660 868 commearent,
684 817 758 873 qnae
780 800 868 858 diam
890 798 979 856 oleret
997 799 1186 858 adulescentis
1209 801 1327 871 apar-

148 900 304 958 simoniom
325 903 448 973 panum
475 901 538 960 sciis
564 900 727 972 sumptibus
754 899 941 966 sustentarcl;
968 897 994 954 si
1016 896 1109 955 uidua
1136 897 1236 963 libcre,
1254 913 1326 969 pro·

149 999 232 1055 lania
257 998 437 1071 petulanter,
469 999 551 1056 diues
582 997 685 1069 effuse,
717 996 872 1055 libidinosa
900 996 1060 1054 inaurato
1091 1011 1169 1053 more
1199 995 1327 1055 uiueret:

149 1094 313 1153 adulterum
331 1112 381 1168 epo
394 1099 541 1169 putarem,
561 1096 653 1167 siquis
672 1095 747 1152 itanc
759 1094 852 1167 paulo
872 1093 991 1151 literius
1008 1092 1195 1168 solidasset&
1215 1093 1267 1167 20,
1281 1094 1325 1152 49

148 1195 175 1252 si
197 1210 271 1266 qnae
292 1211 350 1252 non
373 1198 467 1266 nupta
488 1195 593 1252 mulier
615 1194 731 1252 domum
758 1209 844 1250 sirum
866 1192 1037 1264 patefecerit
1064 1192 1193 1250 omnium
1215 1191 1326 1264 cupidi-

149 1292 202 1349 tati
218 1291 378 1364 palamque
400 1308 461 1351 sese
483 1292 515 1350 in
535 1293 696 1349 meretricia
720 1292 783 1348 nita
802 1290 953 1348 conlocans
971 1290 1105 1348 uirorum
1121 1289 1326 1349 alicnissorum

150 1390 294 1447 conuiuiis
320 1390 365 1448 nti
386 1391 558 1460 instituerim
585 1392 612 1448 si
638 1389 690 1447 icoc
718 1389 748 1446 in
771 1389 855 1453 arbe,
882 1387 915 1445 in
936 1387 1040 1453 hortis,
1067 1388 1095 1445 si
1121 1388 1152 1444 in
1176 1386 1326 1446 Boiorum

152 1487 204 1545 illa
227 1486 387 1547 celebritate
414 1489 520 1562 saciat,
549 1489 576 1547 si
603 1488 722 1559 datique
749 1487 791 1544 ito
819 1502 879 1544 scsc
904 1489 988 1558 perot
1013 1501 1072 1544 non
1097 1487 1211 1544 incessu
1233 1485 1325 1544 solnm

148 1585 199 1643 scd
217 1589 321 1644 ornata
341 1589 426 1659 atque
444 1588 593 1662 comitatu,
616 1603 674 1644 non
696 1584 857 1657 flaccentia
875 1583 1024 1642 oculorum
1046 1583 1174 1643 modoet
1196 1564 1345 1644 caenae*

150 1686 304 1751 suolonis,
327 1685 378 1743 scd
400 1687 487 1744 ctiam
509 1684 656 1757 cornpleau
679 1684 907 1755 osculationcque
924 1685 956 1740 in
974 1683 1147 1741 salutatione
1164 1679 1327 1757 [marcialis

148 1785 180 1839 nl
193 1799 250 1839 non
265 1782 359 1840 solum
375 1782 511 1840 ninotcic
523 1798 691 1854 procaxque
709 1775 876 1853 rrideatmff:
895 1797 960 1838 cnm
977 1781 1032 1839 lcac
1049 1783 1139 1854 siqui
1157 1781 1327 1842 adulescens

149 1896 210 1954 eqs.
233 1870 262 1959 );
287 1881 339 1957 23,
359 1880 399 1939 57
424 1881 456 1938 in
480 1881 541 1938 cinca
559 1880 637 1938 mooli
660 1880 756 1945 dario,
779 1878 811 1936 in
829 1895 888 1949 qna
905 1882 998 1936 maier
1016 1879 1148 1950 familias
1164 1880 1326 1938 madenia

148 1993 227 2035 more
248 1979 346 2041 uiuat,
369 1979 399 2034 in
423 1995 481 2050 qnia
503 1977 577 2036 nilil
592 1980 712 2050 paratur
730 1977 805 2050 quod
822 1978 905 2048 soros
922 1976 1133 2049 proferendum
1151 1978 1197 2043 sit,
1216 1979 1248 2037 in
1266 1994 1326 2050 quo

149 2075 242 2134 lustra
265 2076 407 2134 lubidines
430 2076 575 2141 incurias,
599 2077 692 2136 enanis
719 2076 840 2148 denium
871 2074 1007 2132 inaudito
1038 2075 1114 2135 nitio
1145 2091 1181 2133 ac
1210 2076 1326 2149 tlaadia

147 2176 307 2233 recreentur.
340 2175 499 2247 praeterea
520 2192 581 2232 non
604 2173 700 2232 solum
724 2176 812 2248 turpe
835 2190 903 2231 cum
926 2172 1021 2231 fratre
1044 2170 1152 2232 Publio
1176 2172 1324 2233 incestum

149 2269 285 2346 obicitur,
309 2271 362 2330 aed
386 2271 477 2330 etiam
500 2289 567 2330 cum
585 2270 693 2347 gentili
712 2271 841 2346 quodam
860 2269 926 2329 Sex.
946 2267 1049 2331 Clodio
1069 2270 1241 2345 cunnilingo
1260 2288 1324 2331 rem

149 2367 259 2429 habere
279 2368 384 2429 Clodia
406 2370 599 2430 insimulatur
623 2371 674 2442 32,
695 2371 735 2429 78
761 2361 812 2448 (ci.
833 2387 938 2428 comm.
956 2368 995 2426 ad
1014 2360 1161 2448 LXXIX).
1197 2368 1324 2444 denique

148 2465 251 2527 Cicero
274 2469 431 2527 mulierem
459 2486 598 2543 perosam
628 2462 678 2544 (ut
706 2473 737 2528 et
760 2459 893 2546 Caelius)
918 2459 1182 2542 ‘quadrantariaa'
1204 2467 1324 2528 nomina

148 2565 295 2641 designat,
314 2566 458 2626 adludens
480 2567 519 2626 ad
538 2586 602 2626 rem
621 2586 693 2627 sane
712 2586 802 2642 quam
821 2566 991 2641 obscuram3
1010 2564 1094 2624 cuius
1112 2564 1324 2641 appellationis

147 2663 283 2738 uulgaris
307 2665 464 2739 explicatio
489 2658 581 2741 ‘quae
610 2686 641 2726 se
669 2665 837 2742 quadrante
861 2663 1020 2739 unicuique
1043 2657 1215 2738 prostituit’
1239 2665 1324 2725 nulla

147 2761 263 2821 ratione
294 2761 415 2838 nititur,
447 2781 628 2839 quamquam
662 2765 740 2840 quod
773 2763 867 2824 tradit
897 2762 1076 2821 Plutarchus
1109 2754 1186 2841 (cia
1211 2765 1251 2824 29
1283 2755 1324 2840 ἣν

147 2859 414 2937 Κουαδρανταρίαν
437 2853 564 2921 ἐκάλουν
587 2856 631 2922 ὅτι
654 2864 713 2921 τῶν
736 2859 866 2937 ἐραστῶν
888 2883 931 2933 τις
950 2853 1025 2942 cinq}
1044 2862 1168 2938 χαλκοῦς
1185 2855 1323 2939 ἐμβαλὸν

148 2955 190 3028 εἰς
209 2950 368 3036 βαλάντιον
387 2948 427 3029 ὡς
445 2949 589 3036 ἀργύριον
611 2954 782 3039 εἰσέπεμψε)
807 2964 838 3018 et
859 2960 956 3036 ipsum
975 2958 1078 3019 fictum
1098 2963 1145 3021 eat
1162 2963 1265 3035 aparte
1283 2960 1323 3019 ab

148 3074 196 3131 eo,
220 3055 272 3131 qui
295 3074 358 3115 rem
382 3055 518 3132 ignotam
541 3061 702 3135 utcumque
725 3058 875 3134 explicare
898 3057 1021 3117 studuit.
1055 3057 1209 3118 meliorem
1231 3056 1323 3117 inter·

147 3154 345 3229 pretationem
363 3155 538 3230 suppeditat
551 3154 654 3216 Cicero
669 3178 697 3233 p.
713 3154 793 3216 Cael.
808 3158 860 3232 20,
876 3159 916 3216 62
933 3155 1033 3215 dicens
1052 3157 1110 3216 nisi
1128 3157 1201 3229 sorte
1217 3158 1324 3218 mulier

141 3257 245 3326 polens
267 3253 484 3325 quadrantaria
513 3256 566 3314 illa
588 3258 801 3329 permutatione
827 3256 987 3328 faeniliaris
1014 3256 1094 3328 facto
1117 3259 1181 3314 crat
1207 3256 1324 3316 balnea·

146 3354 210 3411 tori.
247 3350 429 3410 lauabantur
452 3353 532 3412 enim
555 3354 666 3413 Romae
690 3354 856 3429 quadrante
880 3352 937 3410 uiri
962 3344 1079 3433 (quen.
1104 3353 1132 3426 6,
1156 3353 1231 3427 447,
1253 3351 1323 3414 Sem

147 3450 233 3525 epist.
258 3452 309 3524 86,
334 3440 384 3529 9),
408 3449 586 3527 uideturque
610 3450 715 3511 Clodia
737 3452 896 3527 aliquando
921 3469 1069 3509 unacum
1093 3449 1165 3510 uiris
1188 3451 1322 3512 latrasse:

146 3566 222 3623 quae
245 3566 293 3607 res
318 3547 373 3606 sub
394 3547 556 3608 Caesarum
581 3550 707 3626 imperio
730 3569 790 3608 non
812 3550 856 3608 ita
878 3567 948 3607 rara
968 3551 1032 3606 tum
1050 3547 1186 3607 nouitate
1205 3567 1260 3608 sua
1276 3549 1322 3609 ita

146 3645 295 3705 offendere
314 3650 420 3722 potnit,
440 3648 562 3708 uthina
581 3649 710 3708 laminae
728 3648 846 3724 procaci
865 3647 1053 3722 lasciuaequa
1067 3663 1230 3723 cognomen
1244 3647 1321 3706 illud

146 3743 274 3802 inditum
298 3763 362 3804 csse
386 3765 445 3804 uon
469 3747 510 3805 sit
536 3746 601 3805 ueri
625 3746 779 3806 dissimile.
813 3747 888 3804 hunc
911 3764 975 3804 rem
994 3744 1037 3803 ita
1055 3747 1129 3820 puto
1148 3742 1320 3805 Ciceronem

144 3842 362 3917 perstringere,
383 3847 416 3899 ut
431 3842 581 3918 frequenti
601 3843 776 3904 balnearum
791 3863 847 3901 usu
867 3843 974 3902 bonam
995 3842 1175 3902 balneatoria
1195 3842 1320 3902 amicam

145 3938 256 3999 factam
285 3958 350 3999 csse
378 3939 462 3998 illum
490 3941 602 4000 innuat.
645 3942 789 4019 quidquid
816 3943 846 4001 id
875 3945 922 4001 est
945 3933 1014 4021 (nec
1036 3940 1091 3999 hoc
1113 3939 1178 4000 loco
1202 3943 1321 4016 eportet

146 4037 238 4097 uerba
252 4038 396 4096 faciamus
411 4039 448 4097 da
463 4041 677 4099 obscenissima
690 4041 743 4098 illa
761 4040 871 4112 subula,
885 4057 962 4113 quae
975 4036 1172 4096 adumbratur
1187 4038 1238 4109 29,
1253 4029 1321 4115 69),

145 4137 200 4194 lroc
223 4137 296 4195 satia
325 4141 371 4195 est
399 4137 605 4214 memorabile,
634 4139 713 4214 quod
737 4137 839 4196 Cicero
867 4134 1059 4212 quantumuis
1083 4153 1231 4193 crimmum
1255 4134 1319 4194 eiua

145 4275 358 4283 —-.—.-—-

216 4362 241 4428 *)
261 4361 300 4416 sic
319 4363 393 4416 hunc
418 4361 510 4416 locum
537 4362 736 4418 difficillimum
760 4356 906 4416 emendaui
930 4355 958 4408 in
982 4354 1053 4410 actia
1072 4355 1186 4426 gallicia
1207 4357 1319 4414 ‘Rcvue

144 4441 178 4495 de
197 4440 371 4512 philologie’
392 4460 417 4497 a.
439 4449 507 4498 1884
527 4464 553 4513 p.
569 4451 610 4498 ὅθ.
