<?xml version="1.0" encoding="UTF-8"?>
<!DOCTYPE html PUBLIC "-//W3C//DTD XHTML 1.0 Transitional//EN"
    "http://www.w3.org/TR/xhtml1/DTD/xhtml1-transitional.dtd">
<html xmlns="http://www.w3.org/1999/xhtml" xml:lang="en" lang="en">
 <head>
  <title>
</title>
<meta http-equiv="Content-Type" content="text/html;charset=utf-8" />
  <meta name='ocr-system' content='tesseract 3.04.00' />
  <meta name='ocr-capabilities' content='ocr_page ocr_carea ocr_par ocr_line ocrx_word'/>
</head>
<body>
  <div class='ocr_page' id='page_1' title='image "./catulliveronens00baehgoog_0275.png"; bbox 0 0 2940 4912; ppageno 0'>
   <div class='ocr_carea' id='block_1_1' title="bbox 196 314 826 380">
    <p class='ocr_par' dir='ltr' id='par_1_1' title="bbox 196 314 826 380">
     <span class='ocr_line' id='line_1_1' title="bbox 196 314 826 380; baseline -0.01 0"><span class='ocrx_word' id='word_1_1' title='bbox 196 314 261 380; x_wconf 79' lang='lat'><strong>252</strong></span> <span class='ocrx_word' id='word_1_2' title='bbox 379 322 381 328; x_wconf 88' lang='grc'><strong>’</strong></span> <span class='ocrx_word' id='word_1_3' title='bbox 732 317 826 374; x_wconf 83' lang='lat' dir='ltr'>XLIX.</span> 
     </span>
    </p>
   </div>
   <div class='ocr_carea' id='block_1_2' title="bbox 195 478 1372 1265">
    <p class='ocr_par' dir='ltr' id='par_1_2' title="bbox 195 478 1372 1265">
     <span class='ocr_line' id='line_1_2' title="bbox 199 478 1371 549; baseline 0.004 -19"><span class='ocrx_word' id='word_1_4' title='bbox 199 481 275 545; x_wconf 78' lang='lat'><strong>1850,</strong></span> <span class='ocrx_word' id='word_1_5' title='bbox 293 495 321 547; x_wconf 90' lang='lat' dir='ltr'><strong>p.</strong></span> <span class='ocrx_word' id='word_1_6' title='bbox 338 478 417 548; x_wconf 77' lang='lat'><strong>150],</strong></span> <span class='ocrx_word' id='word_1_7' title='bbox 437 478 641 547; x_wconf 82' lang='lat' dir='ltr'><strong>pronuntiauit,</strong></span> <span class='ocrx_word' id='word_1_8' title='bbox 660 479 713 534; x_wconf 90' lang='lat' dir='ltr'><strong>hoo</strong></span> <span class='ocrx_word' id='word_1_9' title='bbox 732 497 846 535; x_wconf 89' lang='lat' dir='ltr'><strong>carmen</strong></span> <span class='ocrx_word' id='word_1_10' title='bbox 861 496 921 535; x_wconf 89' lang='lat' dir='ltr'><strong>esse</strong></span> <span class='ocrx_word' id='word_1_11' title='bbox 937 479 1053 535; x_wconf 88' lang='lat' dir='ltr'><strong>‘ironica</strong></span> <span class='ocrx_word' id='word_1_12' title='bbox 1067 478 1284 549; x_wconf 88' lang='lat' dir='ltr'><strong>accipiendum’.</strong></span> <span class='ocrx_word' id='word_1_13' title='bbox 1312 480 1371 535; x_wconf 89' lang='lat' dir='ltr'><strong>suis</strong></span> 
     </span>
     <span class='ocr_line' id='line_1_3' title="bbox 196 565 1370 641; baseline 0.003 -21"><span class='ocrx_word' id='word_1_14' title='bbox 196 565 351 622; x_wconf 88' lang='lat' dir='ltr'><strong>rationibus</strong></span> <span class='ocrx_word' id='word_1_15' title='bbox 371 566 449 622; x_wconf 85' lang='lat' dir='ltr'><strong>ducti</strong></span> <span class='ocrx_word' id='word_1_16' title='bbox 467 567 541 621; x_wconf 87' lang='lat' dir='ltr'><strong>idem</strong></span> <span class='ocrx_word' id='word_1_17' title='bbox 561 569 719 623; x_wconf 88' lang='lat' dir='ltr'><strong>statuerunt</strong></span> <span class='ocrx_word' id='word_1_18' title='bbox 738 570 875 625; x_wconf 88' lang='lat' dir='ltr'><strong>Olabnius</strong></span> <span class='ocrx_word' id='word_1_19' title='bbox 894 569 982 641; x_wconf 87' lang='lat' dir='ltr'><strong>praef.</strong></span> <span class='ocrx_word' id='word_1_20' title='bbox 1001 568 1038 624; x_wconf 89' lang='lat' dir='ltr'><strong>ad</strong></span> <span class='ocrx_word' id='word_1_21' title='bbox 1057 567 1113 624; x_wconf 82' lang='lat' dir='ltr'><strong>Cic.</strong></span> <span class='ocrx_word' id='word_1_22' title='bbox 1133 585 1172 624; x_wconf 87' lang='lat' dir='ltr'><strong>or.</strong></span> <span class='ocrx_word' id='word_1_23' title='bbox 1191 566 1279 638; x_wconf 80' lang='lat' dir='ltr'><strong>praef.</strong></span> <span class='ocrx_word' id='word_1_24' title='bbox 1297 587 1324 639; x_wconf 88' lang='lat' dir='ltr'><strong>p.</strong></span> <span class='ocrx_word' id='word_1_25' title='bbox 1344 575 1370 637; x_wconf 85' lang='lat'><strong>8,</strong></span> 
     </span>
     <span class='ocr_line' id='line_1_4' title="bbox 196 653 1371 729; baseline 0.003 -20"><span class='ocrx_word' id='word_1_26' title='bbox 196 653 353 710; x_wconf 80' lang='lat' dir='ltr'><strong>Mllertuius</strong></span> <span class='ocrx_word' id='word_1_27' title='bbox 373 654 462 711; x_wconf 90' lang='lat' dir='ltr'>libelli</span> <span class='ocrx_word' id='word_1_28' title='bbox 482 655 680 713; x_wconf 81' lang='lat' dir='ltr'><strong>‘Renaissance</strong></span> <span class='ocrx_word' id='word_1_29' title='bbox 696 658 752 712; x_wconf 91' lang='lat' dir='ltr'><strong>und</strong></span> <span class='ocrx_word' id='word_1_30' title='bbox 767 660 889 714; x_wconf 81' lang='lat' dir='ltr'><strong>ltococo’</strong></span> <span class='ocrx_word' id='word_1_31' title='bbox 911 678 937 729; x_wconf 90' lang='lat' dir='ltr'><strong>p.</strong></span> <span class='ocrx_word' id='word_1_32' title='bbox 953 665 1001 727; x_wconf 75' lang='lat'><strong>20,</strong></span> <span class='ocrx_word' id='word_1_33' title='bbox 1022 657 1230 726; x_wconf 78' lang='lat' dir='ltr'><strong>ORibbscluius,</strong></span> <span class='ocrx_word' id='word_1_34' title='bbox 1249 658 1371 728; x_wconf 90' lang='lat' dir='ltr'><strong>denique</strong></span> 
     </span>
     <span class='ocr_line' id='line_1_5' title="bbox 196 744 1370 818; baseline 0.003 -19"><span class='ocrx_word' id='word_1_35' title='bbox 196 745 449 801; x_wconf 72' lang='lat' dir='ltr'><strong>recentissimos-nm</strong></span> <span class='ocrx_word' id='word_1_36' title='bbox 476 746 552 801; x_wconf 87' lang='lat' dir='ltr'><strong>haud</strong></span> <span class='ocrx_word' id='word_1_37' title='bbox 584 747 682 816; x_wconf 90' lang='lat' dir='ltr'><strong>pauci,</strong></span> <span class='ocrx_word' id='word_1_38' title='bbox 711 765 744 803; x_wconf 89' lang='lat' dir='ltr'><strong>ex</strong></span> <span class='ocrx_word' id='word_1_39' title='bbox 776 748 877 817; x_wconf 88' lang='lat' dir='ltr'><strong>quibus</strong></span> <span class='ocrx_word' id='word_1_40' title='bbox 909 763 1096 804; x_wconf 86' lang='lat' dir='ltr'><strong>commemoro</strong></span> <span class='ocrx_word' id='word_1_41' title='bbox 1123 744 1267 802; x_wconf 87' lang='lat' dir='ltr'><strong>Suessium</strong></span> <span class='ocrx_word' id='word_1_42' title='bbox 1296 747 1370 818; x_wconf 84' lang='lat' dir='ltr'><strong>[Cat.</strong></span> 
     </span>
     <span class='ocr_line' id='line_1_6' title="bbox 195 834 1370 909; baseline 0.003 -21"><span class='ocrx_word' id='word_1_43' title='bbox 195 853 222 905; x_wconf 89' lang='lat' dir='ltr'><strong>p.</strong></span> <span class='ocrx_word' id='word_1_44' title='bbox 237 840 272 889; x_wconf 86' lang='grc'><strong>30</strong></span> <span class='ocrx_word' id='word_1_45' title='bbox 286 834 349 906; x_wconf 91' lang='lat' dir='ltr'><strong>sq.].</strong></span> <span class='ocrx_word' id='word_1_46' title='bbox 389 834 467 890; x_wconf 90' lang='lat' dir='ltr'><strong>cuins</strong></span> <span class='ocrx_word' id='word_1_47' title='bbox 487 835 626 909; x_wconf 77' lang='lat' dir='ltr'><strong>opinipnis</strong></span> <span class='ocrx_word' id='word_1_48' title='bbox 645 854 745 892; x_wconf 88' lang='lat' dir='ltr'><strong>causae</strong></span> <span class='ocrx_word' id='word_1_49' title='bbox 764 837 794 892; x_wconf 90' lang='lat' dir='ltr'><strong>iu</strong></span> <span class='ocrx_word' id='word_1_50' title='bbox 812 838 963 908; x_wconf 87' lang='lat' dir='ltr'><strong>propatulo</strong></span> <span class='ocrx_word' id='word_1_51' title='bbox 982 839 1048 892; x_wconf 89' lang='lat' dir='ltr'><strong>suut</strong></span> <span class='ocrx_word' id='word_1_52' title='bbox 1065 836 1188 908; x_wconf 80' lang='lat' dir='ltr'><strong>positae:</strong></span> <span class='ocrx_word' id='word_1_53' title='bbox 1207 835 1275 906; x_wconf 89' lang='lat' dir='ltr'><strong>quid</strong></span> <span class='ocrx_word' id='word_1_54' title='bbox 1295 837 1370 891; x_wconf 87' lang='lat' dir='ltr'><strong>enirn</strong></span> 
     </span>
     <span class='ocr_line' id='line_1_7' title="bbox 198 922 1372 996; baseline 0.002 -18"><span class='ocrx_word' id='word_1_55' title='bbox 198 923 340 978; x_wconf 84' lang='lat' dir='ltr'><strong>amicitiae</strong></span> <span class='ocrx_word' id='word_1_56' title='bbox 360 941 420 979; x_wconf 86' lang='lat' dir='ltr'><strong>esse</strong></span> <span class='ocrx_word' id='word_1_57' title='bbox 443 923 566 994; x_wconf 87' lang='lat' dir='ltr'><strong>potuisse</strong></span> <span class='ocrx_word' id='word_1_58' title='bbox 589 927 690 995; x_wconf 88' lang='lat' dir='ltr'><strong>poetae</strong></span> <span class='ocrx_word' id='word_1_59' title='bbox 715 928 811 982; x_wconf 82' lang='lat' dir='ltr'><strong>nostro</strong></span> <span class='ocrx_word' id='word_1_60' title='bbox 835 944 898 982; x_wconf 88' lang='lat' dir='ltr'><strong>cum</strong></span> <span class='ocrx_word' id='word_1_61' title='bbox 918 927 1064 995; x_wconf 82' lang='lat' dir='ltr'><strong>Cicerone,</strong></span> <span class='ocrx_word' id='word_1_62' title='bbox 1081 922 1137 996; x_wconf 74' lang='lat' dir='ltr'><strong>&#39;qui</strong></span> <span class='ocrx_word' id='word_1_63' title='bbox 1160 927 1189 980; x_wconf 89' lang='lat' dir='ltr'><strong>et</strong></span> <span class='ocrx_word' id='word_1_64' title='bbox 1211 925 1241 980; x_wconf 91' lang='lat' dir='ltr'><strong>in</strong></span> <span class='ocrx_word' id='word_1_65' title='bbox 1258 927 1372 996; x_wconf 87' lang='lat' dir='ltr'><strong>poetica</strong></span> 
     </span>
     <span class='ocr_line' id='line_1_8' title="bbox 195 1013 1371 1086; baseline 0.004 -19"><span class='ocrx_word' id='word_1_66' title='bbox 195 1029 329 1068; x_wconf 89' lang='lat' dir='ltr'><strong>nouorum</strong></span> <span class='ocrx_word' id='word_1_67' title='bbox 340 1016 437 1067; x_wconf 86' lang='lat' dir='ltr'><strong>uatum</strong></span> <span class='ocrx_word' id='word_1_68' title='bbox 447 1013 549 1069; x_wconf 87' lang='lat' dir='ltr'><strong>inrisor</strong></span> <span class='ocrx_word' id='word_1_69' title='bbox 558 1014 644 1068; x_wconf 84' lang='lat' dir='ltr'><strong>fuerit</strong></span> <span class='ocrx_word' id='word_1_70' title='bbox 652 1017 747 1084; x_wconf 87' lang='lat' dir='ltr'><strong>(supra</strong></span> <span class='ocrx_word' id='word_1_71' title='bbox 757 1034 784 1086; x_wconf 88' lang='lat' dir='ltr'><strong>p.</strong></span> <span class='ocrx_word' id='word_1_72' title='bbox 795 1021 820 1084; x_wconf 88' lang='lat'><strong>8,</strong></span> <span class='ocrx_word' id='word_1_73' title='bbox 833 1022 865 1070; x_wconf 87' lang='grc'><strong>19</strong></span> <span class='ocrx_word' id='word_1_74' title='bbox 876 1018 929 1086; x_wconf 89' lang='lat' dir='ltr'><strong>sq.)</strong></span> <span class='ocrx_word' id='word_1_75' title='bbox 940 1018 969 1071; x_wconf 91' lang='lat' dir='ltr'><strong>et</strong></span> <span class='ocrx_word' id='word_1_76' title='bbox 978 1016 1008 1071; x_wconf 92' lang='lat' dir='ltr'><strong>in</strong></span> <span class='ocrx_word' id='word_1_77' title='bbox 1017 1014 1273 1086; x_wconf 87' lang='lat' dir='ltr'><strong>eloquentialouge</strong></span> <span class='ocrx_word' id='word_1_78' title='bbox 1283 1014 1371 1072; x_wconf 87' lang='lat' dir='ltr'><strong>aliam</strong></span> 
     </span>
     <span class='ocr_line' id='line_1_9' title="bbox 195 1100 1370 1175; baseline 0.003 -18"><span class='ocrx_word' id='word_1_79' title='bbox 195 1100 292 1157; x_wconf 89' lang='lat' dir='ltr'><strong>inierit</strong></span> <span class='ocrx_word' id='word_1_80' title='bbox 315 1103 391 1157; x_wconf 89' lang='lat' dir='ltr'><strong>uiam</strong></span> <span class='ocrx_word' id='word_1_81' title='bbox 418 1119 503 1172; x_wconf 86' lang='lat' dir='ltr'><strong>quam</strong></span> <span class='ocrx_word' id='word_1_82' title='bbox 527 1102 632 1159; x_wconf 82' lang='lat' dir='ltr'><strong>Catulli</strong></span> <span class='ocrx_word' id='word_1_83' title='bbox 660 1104 758 1175; x_wconf 90' lang='lat' dir='ltr'><strong>amici,</strong></span> <span class='ocrx_word' id='word_1_84' title='bbox 782 1106 885 1160; x_wconf 84' lang='lat' dir='ltr'><strong>Caluus</strong></span> <span class='ocrx_word' id='word_1_85' title='bbox 910 1103 1074 1161; x_wconf 88' lang='lat' dir='ltr'><strong>Comificius</strong></span> <span class='ocrx_word' id='word_1_86' title='bbox 1097 1105 1277 1174; x_wconf 74' lang='lat' dir='ltr'>Hortensius,</span> <span class='ocrx_word' id='word_1_87' title='bbox 1305 1122 1370 1161; x_wconf 90' lang='lat' dir='ltr'><strong>cum</strong></span> 
     </span>
     <span class='ocr_line' id='line_1_10' title="bbox 195 1191 1370 1265; baseline 0.002 -19"><span class='ocrx_word' id='word_1_88' title='bbox 195 1193 359 1263; x_wconf 88' lang='lat' dir='ltr'><strong>pracsertim</strong></span> <span class='ocrx_word' id='word_1_89' title='bbox 379 1192 481 1248; x_wconf 79' lang='lat' dir='ltr'><strong>Caluus</strong></span> <span class='ocrx_word' id='word_1_90' title='bbox 501 1193 737 1249; x_wconf 85' lang='lat' dir='ltr'><strong>familiarissimus</strong></span> <span class='ocrx_word' id='word_1_91' title='bbox 762 1195 881 1265; x_wconf 88' lang='lat' dir='ltr'><strong>priuatis</strong></span> <span class='ocrx_word' id='word_1_92' title='bbox 904 1194 996 1250; x_wconf 89' lang='lat' dir='ltr'><strong>causis</strong></span> <span class='ocrx_word' id='word_1_93' title='bbox 1016 1194 1109 1250; x_wconf 90' lang='lat' dir='ltr'><strong>Tullio</strong></span> <span class='ocrx_word' id='word_1_94' title='bbox 1131 1193 1218 1250; x_wconf 85' lang='lat' dir='ltr'><strong>fuerit</strong></span> <span class='ocrx_word' id='word_1_95' title='bbox 1239 1191 1370 1249; x_wconf 89' lang='lat' dir='ltr'><strong>inimicus</strong></span> 
     </span>
    </p>
   </div>
   <div class='ocr_carea' id='block_1_3' title="bbox 97 1281 1370 1355">
    <p class='ocr_par' dir='ltr' id='par_1_3' title="bbox 97 1281 1370 1355">
     <span class='ocr_line' id='line_1_11' title="bbox 97 1281 1370 1355; baseline 0.002 -19"><span class='ocrx_word' id='word_1_96' title='bbox 97 1282 101 1291; x_wconf 83' lang='lat'><em>&#39;</em></span> <span class='ocrx_word' id='word_1_97' title='bbox 196 1281 405 1337; x_wconf 81' lang='lat' dir='ltr'><strong>atrocissimus?</strong></span> <span class='ocrx_word' id='word_1_98' title='bbox 442 1283 490 1338; x_wconf 89' lang='lat' dir='ltr'><strong>sed</strong></span> <span class='ocrx_word' id='word_1_99' title='bbox 514 1283 584 1339; x_wconf 90' lang='lat' dir='ltr'><strong>talia</strong></span> <span class='ocrx_word' id='word_1_100' title='bbox 606 1286 773 1354; x_wconf 88' lang='lat' dir='ltr'><strong>argumenta</strong></span> <span class='ocrx_word' id='word_1_101' title='bbox 794 1284 824 1339; x_wconf 93' lang='lat' dir='ltr'><strong>in</strong></span> <span class='ocrx_word' id='word_1_102' title='bbox 848 1285 1009 1340; x_wconf 89' lang='lat' dir='ltr'><strong>uniuersum</strong></span> <span class='ocrx_word' id='word_1_103' title='bbox 1028 1285 1139 1355; x_wconf 86' lang='lat' dir='ltr'><strong>prolata</strong></span> <span class='ocrx_word' id='word_1_104' title='bbox 1161 1302 1247 1353; x_wconf 89' lang='lat' dir='ltr'><strong>quum</strong></span> <span class='ocrx_word' id='word_1_105' title='bbox 1269 1299 1370 1354; x_wconf 86' lang='lat' dir='ltr'><strong>parum</strong></span> 
     </span>
    </p>
   </div>
   <div class='ocr_carea' id='block_1_4' title="bbox 196 1371 1442 3505">
    <p class='ocr_par' dir='ltr' id='par_1_4' title="bbox 196 1371 1442 3505">
     <span class='ocr_line' id='line_1_12' title="bbox 196 1371 1372 1444; baseline 0.003 -18"><span class='ocrx_word' id='word_1_106' title='bbox 196 1371 325 1440; x_wconf 84' lang='lat' dir='ltr'><strong>ualeant,</strong></span> <span class='ocrx_word' id='word_1_107' title='bbox 347 1373 397 1426; x_wconf 87' lang='lat' dir='ltr'><strong>tua</strong></span> <span class='ocrx_word' id='word_1_108' title='bbox 415 1374 515 1442; x_wconf 90' lang='lat' dir='ltr'><strong>sponte</strong></span> <span class='ocrx_word' id='word_1_109' title='bbox 533 1371 678 1443; x_wconf 86' lang='lat' dir='ltr'><strong>perspicis.</strong></span> <span class='ocrx_word' id='word_1_110' title='bbox 715 1373 788 1429; x_wconf 88' lang='lat' dir='ltr'><strong>inter</strong></span> <span class='ocrx_word' id='word_1_111' title='bbox 807 1373 912 1430; x_wconf 83' lang='lat' dir='ltr'><strong>Catulli</strong></span> <span class='ocrx_word' id='word_1_112' title='bbox 935 1374 964 1428; x_wconf 87' lang='lat' dir='ltr'><strong>in</strong></span> <span class='ocrx_word' id='word_1_113' title='bbox 982 1373 1063 1444; x_wconf 87' lang='lat' dir='ltr'><strong>poesi</strong></span> <span class='ocrx_word' id='word_1_114' title='bbox 1081 1373 1172 1430; x_wconf 88' lang='lat' dir='ltr'><strong>socios</strong></span> <span class='ocrx_word' id='word_1_115' title='bbox 1190 1372 1267 1428; x_wconf 90' lang='lat' dir='ltr'><strong>haud</strong></span> <span class='ocrx_word' id='word_1_116' title='bbox 1286 1373 1372 1429; x_wconf 90' lang='lat' dir='ltr'><strong>dubie</strong></span> 
     </span>
     <span class='ocr_line' id='line_1_13' title="bbox 197 1460 1371 1534; baseline 0.004 -21"><span class='ocrx_word' id='word_1_117' title='bbox 197 1460 280 1514; x_wconf 89' lang='lat' dir='ltr'><strong>multi</strong></span> <span class='ocrx_word' id='word_1_118' title='bbox 295 1461 383 1529; x_wconf 87' lang='lat' dir='ltr'><strong>erant,</strong></span> <span class='ocrx_word' id='word_1_119' title='bbox 403 1461 451 1531; x_wconf 91' lang='lat' dir='ltr'><strong>qui</strong></span> <span class='ocrx_word' id='word_1_120' title='bbox 470 1462 571 1517; x_wconf 88' lang='lat' dir='ltr'><strong>merito</strong></span> <span class='ocrx_word' id='word_1_121' title='bbox 590 1462 677 1517; x_wconf 90' lang='lat' dir='ltr'><strong>risum</strong></span> <span class='ocrx_word' id='word_1_122' title='bbox 691 1465 891 1533; x_wconf 89' lang='lat' dir='ltr'><strong>prouocarent:</strong></span> <span class='ocrx_word' id='word_1_123' title='bbox 911 1465 1038 1519; x_wconf 86' lang='lat' dir='ltr'><strong>cantores</strong></span> <span class='ocrx_word' id='word_1_124' title='bbox 1052 1461 1238 1534; x_wconf 82' lang='lat' dir='ltr'><strong>Euphorionis</strong></span> <span class='ocrx_word' id='word_1_125' title='bbox 1257 1461 1307 1533; x_wconf 88' lang='lat' dir='ltr'><strong>qui</strong></span> <span class='ocrx_word' id='word_1_126' title='bbox 1325 1479 1371 1519; x_wconf 88' lang='lat' dir='ltr'><strong>ex-</strong></span> 
     </span>
     <span class='ocr_line' id='line_1_14' title="bbox 198 1549 1372 1624; baseline 0.003 -21"><span class='ocrx_word' id='word_1_127' title='bbox 198 1549 289 1619; x_wconf 83' lang='lat' dir='ltr'><strong>agitat</strong></span> <span class='ocrx_word' id='word_1_128' title='bbox 303 1551 388 1619; x_wconf 88' lang='lat' dir='ltr'><strong>atque</strong></span> <span class='ocrx_word' id='word_1_129' title='bbox 401 1550 472 1605; x_wconf 84' lang='lat' dir='ltr'><strong>adeo</strong></span> <span class='ocrx_word' id='word_1_130' title='bbox 488 1552 577 1607; x_wconf 83' lang='lat' dir='ltr'><strong>totam</strong></span> <span class='ocrx_word' id='word_1_131' title='bbox 593 1551 690 1622; x_wconf 80' lang='lat' dir='ltr'><strong>poesin</strong></span> <span class='ocrx_word' id='word_1_132' title='bbox 703 1570 806 1608; x_wconf 89' lang='lat' dir='ltr'><strong>nouam</strong></span> <span class='ocrx_word' id='word_1_133' title='bbox 821 1569 877 1608; x_wconf 89' lang='lat' dir='ltr'><strong>non</strong></span> <span class='ocrx_word' id='word_1_134' title='bbox 891 1552 986 1624; x_wconf 88' lang='lat' dir='ltr'><strong>magui</strong></span> <span class='ocrx_word' id='word_1_135' title='bbox 1001 1552 1137 1609; x_wconf 86' lang='lat' dir='ltr'><strong>sefacere</strong></span> <span class='ocrx_word' id='word_1_136' title='bbox 1152 1551 1285 1621; x_wconf 86' lang='lat' dir='ltr'><strong>declarat,</strong></span> <span class='ocrx_word' id='word_1_137' title='bbox 1303 1569 1372 1607; x_wconf 90' lang='lat' dir='ltr'><strong>num</strong></span> 
     </span>
     <span class='ocr_line' id='line_1_15' title="bbox 197 1638 1371 1714; baseline 0.005 -22"><span class='ocrx_word' id='word_1_138' title='bbox 197 1639 221 1693; x_wconf 90' lang='lat' dir='ltr'><strong>is</strong></span> <span class='ocrx_word' id='word_1_139' title='bbox 236 1638 390 1696; x_wconf 88' lang='lat' dir='ltr'><strong>necessario</strong></span> <span class='ocrx_word' id='word_1_140' title='bbox 409 1640 592 1711; x_wconf 89' lang='lat' dir='ltr'><strong>singulorum,</strong></span> <span class='ocrx_word' id='word_1_141' title='bbox 611 1641 659 1710; x_wconf 90' lang='lat' dir='ltr'><strong>qni</strong></span> <span class='ocrx_word' id='word_1_142' title='bbox 673 1657 707 1695; x_wconf 88' lang='lat' dir='ltr'><strong>ex</strong></span> <span class='ocrx_word' id='word_1_143' title='bbox 721 1642 805 1697; x_wconf 89' lang='lat' dir='ltr'><strong>turba</strong></span> <span class='ocrx_word' id='word_1_144' title='bbox 823 1641 955 1711; x_wconf 76' lang='lat' dir='ltr'><strong>eminent,</strong></span> <span class='ocrx_word' id='word_1_145' title='bbox 974 1644 1017 1698; x_wconf 82' lang='lat' dir='ltr'><strong>est</strong></span> <span class='ocrx_word' id='word_1_146' title='bbox 1034 1641 1182 1697; x_wconf 79' lang='lat' dir='ltr'><strong>inimicus?</strong></span> <span class='ocrx_word' id='word_1_147' title='bbox 1208 1658 1299 1713; x_wconf 88' lang='lat' dir='ltr'><strong>neque</strong></span> <span class='ocrx_word' id='word_1_148' title='bbox 1317 1659 1371 1714; x_wconf 89' lang='lat' dir='ltr'><strong>ego</strong></span> 
     </span>
     <span class='ocr_line' id='line_1_16' title="bbox 197 1728 1372 1802; baseline 0.003 -19"><span class='ocrx_word' id='word_1_149' title='bbox 197 1729 292 1795; x_wconf 88' lang='lat' dir='ltr'><strong>credo,</strong></span> <span class='ocrx_word' id='word_1_150' title='bbox 317 1728 458 1784; x_wconf 82' lang='lat' dir='ltr'><strong>Catullum</strong></span> <span class='ocrx_word' id='word_1_151' title='bbox 482 1729 680 1801; x_wconf 76' lang='lat' dir='ltr'><strong>comprobasse</strong></span> <span class='ocrx_word' id='word_1_152' title='bbox 704 1748 766 1786; x_wconf 89' lang='lat' dir='ltr'><strong>eam</strong></span> <span class='ocrx_word' id='word_1_153' title='bbox 790 1731 968 1801; x_wconf 87' lang='lat' dir='ltr'><strong>eloquentiae</strong></span> <span class='ocrx_word' id='word_1_154' title='bbox 991 1731 1128 1802; x_wconf 86' lang='lat' dir='ltr'><strong>speciem,</strong></span> <span class='ocrx_word' id='word_1_155' title='bbox 1153 1748 1236 1802; x_wconf 90' lang='lat' dir='ltr'><strong>quam</strong></span> <span class='ocrx_word' id='word_1_156' title='bbox 1260 1731 1372 1787; x_wconf 86' lang='lat' dir='ltr'><strong>Tullius</strong></span> 
     </span>
     <span class='ocr_line' id='line_1_17' title="bbox 197 1818 1371 1892; baseline 0.003 -20"><span class='ocrx_word' id='word_1_157' title='bbox 197 1818 369 1875; x_wconf 74' lang='lat' dir='ltr'><strong>sectabatur:</strong></span> <span class='ocrx_word' id='word_1_158' title='bbox 388 1836 454 1874; x_wconf 89' lang='lat' dir='ltr'><strong>num</strong></span> <span class='ocrx_word' id='word_1_159' title='bbox 469 1820 540 1874; x_wconf 89' lang='lat' dir='ltr'><strong>haec</strong></span> <span class='ocrx_word' id='word_1_160' title='bbox 554 1836 638 1875; x_wconf 90' lang='lat' dir='ltr'><strong>cansa</strong></span> <span class='ocrx_word' id='word_1_161' title='bbox 652 1821 713 1874; x_wconf 88' lang='lat' dir='ltr'><strong>erat</strong></span> <span class='ocrx_word' id='word_1_162' title='bbox 724 1819 826 1876; x_wconf 89' lang='lat' dir='ltr'><strong>idonea</strong></span> <span class='ocrx_word' id='word_1_163' title='bbox 839 1818 906 1875; x_wconf 88' lang='lat' dir='ltr'><strong>odio</strong></span> <span class='ocrx_word' id='word_1_164' title='bbox 920 1821 1106 1890; x_wconf 88' lang='lat' dir='ltr'><strong>persequendi</strong></span> <span class='ocrx_word' id='word_1_165' title='bbox 1120 1820 1244 1876; x_wconf 90' lang='lat' dir='ltr'><strong>Tullium</strong></span> <span class='ocrx_word' id='word_1_166' title='bbox 1257 1820 1371 1892; x_wconf 81' lang='lat' dir='ltr'><strong>ipsum?</strong></span> 
     </span>
     <span class='ocr_line' id='line_1_18' title="bbox 197 1907 1371 1981; baseline 0.003 -18"><span class='ocrx_word' id='word_1_167' title='bbox 197 1924 280 1978; x_wconf 93' lang='lat' dir='ltr'><strong>porro</strong></span> <span class='ocrx_word' id='word_1_168' title='bbox 299 1907 394 1979; x_wconf 89' lang='lat' dir='ltr'><strong>inepte</strong></span> <span class='ocrx_word' id='word_1_169' title='bbox 414 1909 485 1963; x_wconf 93' lang='lat' dir='ltr'><strong>duco</strong></span> <span class='ocrx_word' id='word_1_170' title='bbox 505 1908 600 1977; x_wconf 86' lang='lat' dir='ltr'><strong>statui,</strong></span> <span class='ocrx_word' id='word_1_171' title='bbox 619 1910 746 1963; x_wconf 90' lang='lat' dir='ltr'><strong>nostrum</strong></span> <span class='ocrx_word' id='word_1_172' title='bbox 764 1909 893 1966; x_wconf 88' lang='lat' dir='ltr'><strong>inimicos</strong></span> <span class='ocrx_word' id='word_1_173' title='bbox 912 1908 1066 1966; x_wconf 88' lang='lat' dir='ltr'><strong>amicorum</strong></span> <span class='ocrx_word' id='word_1_174' title='bbox 1079 1909 1167 1966; x_wconf 90' lang='lat' dir='ltr'><strong>etiam</strong></span> <span class='ocrx_word' id='word_1_175' title='bbox 1182 1928 1232 1981; x_wconf 89' lang='lat' dir='ltr'><strong>pro</strong></span> <span class='ocrx_word' id='word_1_176' title='bbox 1247 1910 1306 1965; x_wconf 87' lang='lat' dir='ltr'><strong>suis</strong></span> <span class='ocrx_word' id='word_1_177' title='bbox 1319 1910 1371 1966; x_wconf 87' lang='lat' dir='ltr'><strong>ini-</strong></span> 
     </span>
     <span class='ocr_line' id='line_1_19' title="bbox 197 1996 1372 2073; baseline 0.003 -22"><span class='ocrx_word' id='word_1_178' title='bbox 197 1996 277 2054; x_wconf 89' lang='lat' dir='ltr'><strong>micis</strong></span> <span class='ocrx_word' id='word_1_179' title='bbox 298 1997 442 2055; x_wconf 89' lang='lat' dir='ltr'><strong>habuisse:</strong></span> <span class='ocrx_word' id='word_1_180' title='bbox 471 2016 520 2054; x_wconf 86' lang='lat' dir='ltr'><strong>cur</strong></span> <span class='ocrx_word' id='word_1_181' title='bbox 541 2015 598 2053; x_wconf 91' lang='lat' dir='ltr'><strong>uon</strong></span> <span class='ocrx_word' id='word_1_182' title='bbox 621 2015 655 2053; x_wconf 87' lang='lat' dir='ltr'><strong>ex</strong></span> <span class='ocrx_word' id='word_1_183' title='bbox 677 1999 768 2054; x_wconf 88' lang='lat' dir='ltr'><strong>altera</strong></span> <span class='ocrx_word' id='word_1_184' title='bbox 795 2000 875 2069; x_wconf 87' lang='lat' dir='ltr'><strong>parte</strong></span> <span class='ocrx_word' id='word_1_185' title='bbox 898 1999 1005 2056; x_wconf 90' lang='lat' dir='ltr'><strong>amicus</strong></span> <span class='ocrx_word' id='word_1_186' title='bbox 1032 2000 1201 2073; x_wconf 87' lang='lat' dir='ltr'><strong>communis,</strong></span> <span class='ocrx_word' id='word_1_187' title='bbox 1225 1999 1372 2056; x_wconf 80' lang='lat' dir='ltr'><strong>Cornelius</strong></span> 
     </span>
     <span class='ocr_line' id='line_1_20' title="bbox 198 2087 1369 2160; baseline 0.003 -18"><span class='ocrx_word' id='word_1_188' title='bbox 198 2089 304 2158; x_wconf 85' lang='lat' dir='ltr'><strong>Nepos,</strong></span> <span class='ocrx_word' id='word_1_189' title='bbox 326 2087 400 2142; x_wconf 88' lang='lat' dir='ltr'><strong>iuter</strong></span> <span class='ocrx_word' id='word_1_190' title='bbox 418 2089 530 2158; x_wconf 85' lang='lat' dir='ltr'><strong>postam</strong></span> <span class='ocrx_word' id='word_1_191' title='bbox 549 2087 738 2144; x_wconf 76' lang='lat' dir='ltr'><strong>veronensem</strong></span> <span class='ocrx_word' id='word_1_192' title='bbox 759 2089 788 2143; x_wconf 88' lang='lat' dir='ltr'><strong>et</strong></span> <span class='ocrx_word' id='word_1_193' title='bbox 806 2091 947 2144; x_wconf 88' lang='lat' dir='ltr'><strong>oratorem</strong></span> <span class='ocrx_word' id='word_1_194' title='bbox 965 2088 1144 2160; x_wconf 73' lang='lat' dir='ltr'><strong>Arpinatem,</strong></span> <span class='ocrx_word' id='word_1_195' title='bbox 1168 2090 1191 2146; x_wconf 87' lang='lat' dir='ltr'><strong>si</strong></span> <span class='ocrx_word' id='word_1_196' title='bbox 1214 2107 1270 2146; x_wconf 91' lang='lat' dir='ltr'><strong>non</strong></span> <span class='ocrx_word' id='word_1_197' title='bbox 1288 2090 1369 2146; x_wconf 80' lang='lat' dir='ltr'><strong>fami-</strong></span> 
     </span>
     <span class='ocr_line' id='line_1_21' title="bbox 197 2176 1371 2250; baseline 0.005 -19"><span class='ocrx_word' id='word_1_198' title='bbox 197 2176 359 2246; x_wconf 83' lang='lat' dir='ltr'><strong>liaritatem,</strong></span> <span class='ocrx_word' id='word_1_199' title='bbox 374 2179 405 2231; x_wconf 87' lang='lat' dir='ltr'><strong>at</strong></span> <span class='ocrx_word' id='word_1_200' title='bbox 417 2177 547 2234; x_wconf 83' lang='lat' dir='ltr'><strong>notitiam</strong></span> <span class='ocrx_word' id='word_1_201' title='bbox 562 2181 657 2233; x_wconf 91' lang='lat' dir='ltr'><strong>tamen</strong></span> <span class='ocrx_word' id='word_1_202' title='bbox 671 2179 832 2247; x_wconf 73' lang='lat' dir='ltr'><strong>certamque</strong></span> <span class='ocrx_word' id='word_1_203' title='bbox 842 2179 1072 2234; x_wconf 88' lang='lat' dir='ltr'><strong>consuetudinem</strong></span> <span class='ocrx_word' id='word_1_204' title='bbox 1083 2181 1176 2250; x_wconf 82' lang='lat' dir='ltr'><strong>potest</strong></span> <span class='ocrx_word' id='word_1_205' title='bbox 1185 2178 1371 2237; x_wconf 73' lang='lat' dir='ltr'><strong>conciliasse?</strong></span> 
     </span>
     <span class='ocr_line' id='line_1_22' title="bbox 199 2264 1371 2340; baseline 0.002 -18"><span class='ocrx_word' id='word_1_206' title='bbox 199 2264 330 2322; x_wconf 84' lang='lat' dir='ltr'><strong>nimirum</strong></span> <span class='ocrx_word' id='word_1_207' title='bbox 349 2266 421 2322; x_wconf 90' lang='lat' dir='ltr'><strong>nibil</strong></span> <span class='ocrx_word' id='word_1_208' title='bbox 439 2267 474 2323; x_wconf 90' lang='lat' dir='ltr'><strong>de</strong></span> <span class='ocrx_word' id='word_1_209' title='bbox 494 2268 537 2324; x_wconf 90' lang='lat' dir='ltr'><strong>his</strong></span> <span class='ocrx_word' id='word_1_210' title='bbox 556 2268 639 2324; x_wconf 88' lang='lat' dir='ltr'><strong>rebus</strong></span> <span class='ocrx_word' id='word_1_211' title='bbox 654 2268 783 2323; x_wconf 90' lang='lat' dir='ltr'><strong>omuibus</strong></span> <span class='ocrx_word' id='word_1_212' title='bbox 798 2267 909 2323; x_wconf 90' lang='lat' dir='ltr'><strong>scimus.</strong></span> <span class='ocrx_word' id='word_1_213' title='bbox 938 2269 988 2324; x_wconf 90' lang='lat' dir='ltr'><strong>sed</strong></span> <span class='ocrx_word' id='word_1_214' title='bbox 1005 2269 1062 2325; x_wconf 87' lang='lat' dir='ltr'><strong>iata</strong></span> <span class='ocrx_word' id='word_1_215' title='bbox 1080 2268 1211 2340; x_wconf 87' lang='lat' dir='ltr'><strong>opiuioua</strong></span> <span class='ocrx_word' id='word_1_216' title='bbox 1230 2269 1371 2338; x_wconf 87' lang='lat' dir='ltr'><strong>praeiudi·</strong></span> 
     </span>
     <span class='ocr_line' id='line_1_23' title="bbox 198 2356 1371 2429; baseline 0.003 -18"><span class='ocrx_word' id='word_1_217' title='bbox 198 2359 263 2412; x_wconf 87' lang='lat' dir='ltr'><strong>octa</strong></span> <span class='ocrx_word' id='word_1_218' title='bbox 281 2357 412 2428; x_wconf 88' lang='lat' dir='ltr'><strong>occupati</strong></span> <span class='ocrx_word' id='word_1_219' title='bbox 435 2360 524 2414; x_wconf 86' lang='lat' dir='ltr'><strong>tectas</strong></span> <span class='ocrx_word' id='word_1_220' title='bbox 547 2358 575 2412; x_wconf 91' lang='lat' dir='ltr'><strong>in</strong></span> <span class='ocrx_word' id='word_1_221' title='bbox 599 2357 681 2413; x_wconf 90' lang='lat' dir='ltr'><strong>huius</strong></span> <span class='ocrx_word' id='word_1_222' title='bbox 701 2356 833 2414; x_wconf 77' lang='lat' dir='ltr'><strong>carminis</strong></span> <span class='ocrx_word' id='word_1_223' title='bbox 856 2358 949 2414; x_wconf 90' lang='lat' dir='ltr'><strong>uerbis</strong></span> <span class='ocrx_word' id='word_1_224' title='bbox 971 2359 1136 2429; x_wconf 90' lang='lat' dir='ltr'><strong>quaesiuere</strong></span> <span class='ocrx_word' id='word_1_225' title='bbox 1160 2358 1371 2428; x_wconf 74' lang='lat' dir='ltr'><strong>ambiguitates,</strong></span> 
     </span>
     <span class='ocr_line' id='line_1_24' title="bbox 198 2447 1370 2520; baseline -0.003 -16"><span class='ocrx_word' id='word_1_226' title='bbox 198 2464 270 2518; x_wconf 86' lang='lat' dir='ltr'><strong>quaa</strong></span> <span class='ocrx_word' id='word_1_227' title='bbox 288 2447 487 2519; x_wconf 76' lang='lat' dir='ltr'><strong>indagantibus</strong></span> <span class='ocrx_word' id='word_1_228' title='bbox 506 2449 537 2503; x_wconf 92' lang='lat' dir='ltr'><strong>et</strong></span> <span class='ocrx_word' id='word_1_229' title='bbox 554 2447 583 2502; x_wconf 89' lang='lat' dir='ltr'><strong>ui</strong></span> <span class='ocrx_word' id='word_1_230' title='bbox 598 2447 828 2518; x_wconf 85' lang='lat' dir='ltr'><strong>extorquentibus</strong></span> <span class='ocrx_word' id='word_1_231' title='bbox 841 2448 957 2503; x_wconf 91' lang='lat' dir='ltr'><strong>tandem</strong></span> <span class='ocrx_word' id='word_1_232' title='bbox 975 2451 1103 2520; x_wconf 87' lang='lat' dir='ltr'><strong>repertas</strong></span> <span class='ocrx_word' id='word_1_233' title='bbox 1117 2447 1283 2518; x_wconf 86' lang='lat' dir='ltr'><strong>simpliciter</strong></span> <span class='ocrx_word' id='word_1_234' title='bbox 1298 2447 1370 2502; x_wconf 90' lang='lat' dir='ltr'><strong>iudi-</strong></span> 
     </span>
     <span class='ocr_line' id='line_1_25' title="bbox 198 2535 1372 2607; baseline -0.001 -15"><span class='ocrx_word' id='word_1_235' title='bbox 198 2537 327 2593; x_wconf 85' lang='lat' dir='ltr'><strong>cantibus</strong></span> <span class='ocrx_word' id='word_1_236' title='bbox 352 2539 449 2593; x_wconf 88' lang='lat' dir='ltr'><strong>inauas</strong></span> <span class='ocrx_word' id='word_1_237' title='bbox 468 2536 632 2607; x_wconf 86' lang='lat' dir='ltr'><strong>futtilesque</strong></span> <span class='ocrx_word' id='word_1_238' title='bbox 650 2535 783 2592; x_wconf 89' lang='lat' dir='ltr'><strong>uidentur</strong></span> <span class='ocrx_word' id='word_1_239' title='bbox 801 2552 906 2592; x_wconf 87' lang='lat' dir='ltr'><strong>omnes.</strong></span> <span class='ocrx_word' id='word_1_240' title='bbox 943 2539 1053 2593; x_wconf 89' lang='lat' dir='ltr'><strong>etcum</strong></span> <span class='ocrx_word' id='word_1_241' title='bbox 1072 2538 1130 2592; x_wconf 87' lang='lat' dir='ltr'><strong>iam</strong></span> <span class='ocrx_word' id='word_1_242' title='bbox 1149 2553 1193 2592; x_wconf 86' lang='lat' dir='ltr'><strong>res</strong></span> <span class='ocrx_word' id='word_1_243' title='bbox 1211 2536 1372 2607; x_wconf 88' lang='lat' dir='ltr'><strong>perueniret</strong></span> 
     </span>
     <span class='ocr_line' id='line_1_26' title="bbox 199 2623 1372 2698; baseline -0.003 -14"><span class='ocrx_word' id='word_1_244' title='bbox 199 2627 236 2684; x_wconf 83' lang='lat' dir='ltr'><strong>ad</strong></span> <span class='ocrx_word' id='word_1_245' title='bbox 255 2627 429 2698; x_wconf 89' lang='lat' dir='ltr'><strong>probabilem</strong></span> <span class='ocrx_word' id='word_1_246' title='bbox 444 2626 592 2682; x_wconf 88' lang='lat' dir='ltr'><strong>uerborum</strong></span> <span class='ocrx_word' id='word_1_247' title='bbox 609 2626 726 2698; x_wconf 87' lang='lat' dir='ltr'><strong>‘gratias</strong></span> <span class='ocrx_word' id='word_1_248' title='bbox 744 2625 798 2682; x_wconf 88' lang='lat' dir='ltr'><strong>tibi</strong></span> <span class='ocrx_word' id='word_1_249' title='bbox 817 2625 954 2682; x_wconf 84' lang='lat' dir='ltr'><strong>maximas</strong></span> <span class='ocrx_word' id='word_1_250' title='bbox 969 2626 997 2684; x_wconf 82' lang='lat' dir='ltr'><strong>C.</strong></span> <span class='ocrx_word' id='word_1_251' title='bbox 1013 2627 1084 2698; x_wconf 88' lang='lat' dir='ltr'><strong>agit’</strong></span> <span class='ocrx_word' id='word_1_252' title='bbox 1101 2623 1372 2697; x_wconf 82' lang='lat' dir='ltr'><strong>interpretationem,</strong></span> 
     </span>
     <span class='ocr_line' id='line_1_27' title="bbox 200 2713 1372 2787; baseline -0.003 -15"><span class='ocrx_word' id='word_1_253' title='bbox 200 2718 250 2772; x_wconf 90' lang='lat' dir='ltr'><strong>aut</strong></span> <span class='ocrx_word' id='word_1_254' title='bbox 268 2716 467 2772; x_wconf 90' lang='lat' dir='ltr'><strong>obmutuerunt</strong></span> <span class='ocrx_word' id='word_1_255' title='bbox 485 2718 536 2771; x_wconf 90' lang='lat' dir='ltr'><strong>aut</strong></span> <span class='ocrx_word' id='word_1_256' title='bbox 553 2733 641 2787; x_wconf 89' lang='lat' dir='ltr'><strong>nugas</strong></span> <span class='ocrx_word' id='word_1_257' title='bbox 659 2713 854 2770; x_wconf 88' lang='lat' dir='ltr'><strong>uendiderunt.</strong></span> <span class='ocrx_word' id='word_1_258' title='bbox 882 2732 980 2771; x_wconf 87' lang='lat' dir='ltr'><strong>nerum</strong></span> <span class='ocrx_word' id='word_1_259' title='bbox 999 2715 1074 2771; x_wconf 90' lang='lat' dir='ltr'><strong>enim</strong></span> <span class='ocrx_word' id='word_1_260' title='bbox 1090 2731 1157 2771; x_wconf 90' lang='lat' dir='ltr'><strong>uero</strong></span> <span class='ocrx_word' id='word_1_261' title='bbox 1176 2713 1271 2785; x_wconf 88' lang='lat' dir='ltr'><strong>ecquis</strong></span> <span class='ocrx_word' id='word_1_262' title='bbox 1290 2714 1372 2785; x_wconf 72' lang='lat' dir='ltr'><strong>gram</strong></span> 
     </span>
     <span class='ocr_line' id='line_1_28' title="bbox 199 2802 1372 2876; baseline -0.003 -16"><span class='ocrx_word' id='word_1_263' title='bbox 199 2806 302 2860; x_wconf 90' lang='lat' dir='ltr'><strong>iniuria</strong></span> <span class='ocrx_word' id='word_1_264' title='bbox 326 2809 384 2876; x_wconf 86' lang='lat' dir='ltr'><strong>(er.</strong></span> <span class='ocrx_word' id='word_1_265' title='bbox 403 2823 444 2876; x_wconf 92' lang='lat' dir='ltr'><strong>gr.</strong></span> <span class='ocrx_word' id='word_1_266' title='bbox 468 2805 569 2860; x_wconf 89' lang='lat' dir='ltr'><strong>acerbo</strong></span> <span class='ocrx_word' id='word_1_267' title='bbox 593 2805 722 2874; x_wconf 90' lang='lat' dir='ltr'><strong>salsoque</strong></span> <span class='ocrx_word' id='word_1_268' title='bbox 746 2805 839 2873; x_wconf 89' lang='lat' dir='ltr'><strong>dicto)</strong></span> <span class='ocrx_word' id='word_1_269' title='bbox 862 2822 880 2860; x_wconf 88' lang='lat' dir='ltr'><strong>a</strong></span> <span class='ocrx_word' id='word_1_270' title='bbox 901 2802 1033 2861; x_wconf 79' lang='lat' dir='ltr'><strong>Cicerone</strong></span> <span class='ocrx_word' id='word_1_271' title='bbox 1056 2805 1203 2860; x_wconf 88' lang='lat' dir='ltr'><strong>lacessitus</strong></span> <span class='ocrx_word' id='word_1_272' title='bbox 1228 2803 1271 2858; x_wconf 88' lang='lat' dir='ltr'><strong>ita</strong></span> <span class='ocrx_word' id='word_1_273' title='bbox 1293 2803 1372 2872; x_wconf 91' lang='lat' dir='ltr'><strong>loqui</strong></span> 
     </span>
     <span class='ocr_line' id='line_1_29' title="bbox 198 2890 1371 2965; baseline -0.001 -17"><span class='ocrx_word' id='word_1_274' title='bbox 198 2894 308 2964; x_wconf 81' lang='lat' dir='ltr'><strong>potuit?</strong></span> <span class='ocrx_word' id='word_1_275' title='bbox 344 2894 455 2951; x_wconf 84' lang='lat' dir='ltr'><strong>suffecit</strong></span> <span class='ocrx_word' id='word_1_276' title='bbox 472 2895 501 2949; x_wconf 93' lang='lat' dir='ltr'><strong>in</strong></span> <span class='ocrx_word' id='word_1_277' title='bbox 521 2895 573 2949; x_wconf 92' lang='lat' dir='ltr'><strong>hoc</strong></span> <span class='ocrx_word' id='word_1_278' title='bbox 592 2911 763 2964; x_wconf 85' lang='lat' dir='ltr'><strong>responsum,</strong></span> <span class='ocrx_word' id='word_1_279' title='bbox 782 2893 858 2965; x_wconf 89' lang='lat' dir='ltr'><strong>quod</strong></span> <span class='ocrx_word' id='word_1_280' title='bbox 877 2894 994 2964; x_wconf 78' lang='lat' dir='ltr'><strong>fingunt,</strong></span> <span class='ocrx_word' id='word_1_281' title='bbox 1012 2890 1162 2963; x_wconf 68' lang='grc' dir='ltr'><strong>εἰρωνικόν</strong></span> <span class='ocrx_word' id='word_1_282' title='bbox 1181 2892 1300 2964; x_wconf 86' lang='lat' dir='ltr'><strong>‘gratias</strong></span> <span class='ocrx_word' id='word_1_283' title='bbox 1319 2892 1371 2947; x_wconf 86' lang='lat' dir='ltr'><strong>tibi</strong></span> 
     </span>
     <span class='ocr_line' id='line_1_30' title="bbox 200 2982 1373 3055; baseline -0.003 -15"><span class='ocrx_word' id='word_1_284' title='bbox 200 2985 285 3055; x_wconf 85' lang='lat' dir='ltr'><strong>ago’:</strong></span> <span class='ocrx_word' id='word_1_285' title='bbox 304 3003 390 3039; x_wconf 89' lang='lat' dir='ltr'><strong>unum</strong></span> <span class='ocrx_word' id='word_1_286' title='bbox 403 2983 484 3040; x_wconf 56' lang='lat' dir='ltr'><strong>‘illud</strong></span> <span class='ocrx_word' id='word_1_287' title='bbox 505 2984 670 3039; x_wconf 83' lang='lat' dir='ltr'><strong>‘maximas’</strong></span> <span class='ocrx_word' id='word_1_288' title='bbox 696 2983 782 3039; x_wconf 85' lang='lat' dir='ltr'><strong>talem</strong></span> <span class='ocrx_word' id='word_1_289' title='bbox 807 2982 993 3053; x_wconf 86' lang='lat' dir='ltr'><strong>suspicionem</strong></span> <span class='ocrx_word' id='word_1_290' title='bbox 1015 3001 1126 3040; x_wconf 89' lang='lat' dir='ltr'><strong>omnem</strong></span> <span class='ocrx_word' id='word_1_291' title='bbox 1145 2983 1275 3039; x_wconf 85' lang='lat' dir='ltr'><strong>excludit</strong></span> <span class='ocrx_word' id='word_1_292' title='bbox 1313 2982 1373 3050; x_wconf 85' lang='lat' dir='ltr'><strong>sed,</strong></span> 
     </span>
     <span class='ocr_line' id='line_1_31' title="bbox 199 3072 1370 3143; baseline -0.003 -14"><span class='ocrx_word' id='word_1_293' title='bbox 199 3074 274 3143; x_wconf 86' lang='lat' dir='ltr'><strong>quod</strong></span> <span class='ocrx_word' id='word_1_294' title='bbox 293 3073 406 3128; x_wconf 90' lang='lat' dir='ltr'><strong>maioris</strong></span> <span class='ocrx_word' id='word_1_295' title='bbox 430 3077 473 3128; x_wconf 88' lang='lat' dir='ltr'><strong>est</strong></span> <span class='ocrx_word' id='word_1_296' title='bbox 491 3072 639 3142; x_wconf 89' lang='lat' dir='ltr'><strong>momenti,</strong></span> <span class='ocrx_word' id='word_1_297' title='bbox 662 3090 735 3142; x_wconf 89' lang='lat' dir='ltr'><strong>nego</strong></span> <span class='ocrx_word' id='word_1_298' title='bbox 759 3074 872 3129; x_wconf 91' lang='lat' dir='ltr'><strong>omuino</strong></span> <span class='ocrx_word' id='word_1_299' title='bbox 899 3074 971 3128; x_wconf 88' lang='lat' dir='ltr'><strong>hano</strong></span> <span class='ocrx_word' id='word_1_300' title='bbox 995 3075 1099 3129; x_wconf 88' lang='lat' dir='ltr'><strong>tectam</strong></span> <span class='ocrx_word' id='word_1_301' title='bbox 1122 3073 1284 3129; x_wconf 90' lang='lat' dir='ltr'><strong>inrisionem</strong></span> <span class='ocrx_word' id='word_1_302' title='bbox 1303 3089 1370 3142; x_wconf 84' lang='lat' dir='ltr'><strong>qua-</strong></span> 
     </span>
     <span class='ocr_line' id='line_1_32' title="bbox 199 3161 1371 3233; baseline -0.003 -14"><span class='ocrx_word' id='word_1_303' title='bbox 199 3165 280 3219; x_wconf 85' lang='lat' dir='ltr'><strong>drare</strong></span> <span class='ocrx_word' id='word_1_304' title='bbox 299 3164 328 3218; x_wconf 93' lang='lat' dir='ltr'><strong>in</strong></span> <span class='ocrx_word' id='word_1_305' title='bbox 347 3161 452 3217; x_wconf 86' lang='lat' dir='ltr'><strong>Catulli</strong></span> <span class='ocrx_word' id='word_1_306' title='bbox 470 3162 602 3219; x_wconf 89' lang='lat' dir='ltr'><strong>indolem.</strong></span> <span class='ocrx_word' id='word_1_307' title='bbox 639 3165 735 3233; x_wconf 82' lang='lat' dir='ltr'><strong>aperte</strong></span> <span class='ocrx_word' id='word_1_308' title='bbox 758 3162 807 3217; x_wconf 91' lang='lat' dir='ltr'><strong>ille</strong></span> <span class='ocrx_word' id='word_1_309' title='bbox 826 3166 990 3219; x_wconf 82' lang='lat' dir='ltr'><strong>autumare</strong></span> <span class='ocrx_word' id='word_1_310' title='bbox 1013 3163 1085 3219; x_wconf 83' lang='lat' dir='ltr'><strong>solet</strong></span> <span class='ocrx_word' id='word_1_311' title='bbox 1104 3166 1154 3220; x_wconf 92' lang='lat' dir='ltr'><strong>aut</strong></span> <span class='ocrx_word' id='word_1_312' title='bbox 1172 3163 1276 3219; x_wconf 86' lang='lat' dir='ltr'><strong>odisse:</strong></span> <span class='ocrx_word' id='word_1_313' title='bbox 1300 3161 1371 3216; x_wconf 87' lang='lat' dir='ltr'><strong>haec</strong></span> 
     </span>
     <span class='ocr_line' id='line_1_33' title="bbox 200 3249 1442 3324; baseline -0.002 -16"><span class='ocrx_word' id='word_1_314' title='bbox 200 3253 294 3308; x_wconf 89' lang='lat' dir='ltr'><strong>media</strong></span> <span class='ocrx_word' id='word_1_315' title='bbox 315 3270 365 3324; x_wconf 86' lang='lat' dir='ltr'><strong>per</strong></span> <span class='ocrx_word' id='word_1_316' title='bbox 388 3251 536 3322; x_wconf 74' lang='grc' dir='ltr'><strong><em>εἰρωνείαν</em></strong></span> <span class='ocrx_word' id='word_1_317' title='bbox 558 3253 587 3307; x_wconf 93' lang='lat' dir='ltr'><strong>iu</strong></span> <span class='ocrx_word' id='word_1_318' title='bbox 605 3252 750 3309; x_wconf 89' lang='lat' dir='ltr'><strong>inimicum</strong></span> <span class='ocrx_word' id='word_1_319' title='bbox 769 3254 872 3323; x_wconf 89' lang='lat' dir='ltr'><strong>agendi</strong></span> <span class='ocrx_word' id='word_1_320' title='bbox 895 3254 967 3308; x_wconf 88' lang='lat' dir='ltr'><strong>ratio</strong></span> <span class='ocrx_word' id='word_1_321' title='bbox 991 3255 1040 3308; x_wconf 87' lang='lat' dir='ltr'><strong>aut</strong></span> <span class='ocrx_word' id='word_1_322' title='bbox 1062 3268 1118 3308; x_wconf 92' lang='lat' dir='ltr'><strong>non</strong></span> <span class='ocrx_word' id='word_1_323' title='bbox 1141 3251 1208 3308; x_wconf 92' lang='lat' dir='ltr'><strong>noui</strong></span> <span class='ocrx_word' id='word_1_324' title='bbox 1227 3249 1371 3307; x_wconf 87' lang='lat' dir='ltr'><strong>Valerium</strong></span> <span class='ocrx_word' id='word_1_325' title='bbox 1432 3262 1442 3274; x_wconf 89' lang='lat'><strong>·</strong></span> 
     </span>
     <span class='ocr_line' id='line_1_34' title="bbox 199 3331 1372 3414; baseline -0.003 -15"><span class='ocrx_word' id='word_1_326' title='bbox 199 3347 250 3399; x_wconf 90' lang='lat' dir='ltr'><strong>aut</strong></span> <span class='ocrx_word' id='word_1_327' title='bbox 267 3343 304 3399; x_wconf 88' lang='lat' dir='ltr'><strong>ab</strong></span> <span class='ocrx_word' id='word_1_328' title='bbox 326 3358 360 3397; x_wconf 95' lang='lat' dir='ltr'><strong>eo</strong></span> <span class='ocrx_word' id='word_1_329' title='bbox 384 3342 556 3399; x_wconf 86' lang='lat' dir='ltr'><strong>alienissima</strong></span> <span class='ocrx_word' id='word_1_330' title='bbox 579 3345 629 3399; x_wconf 91' lang='lat' dir='ltr'><strong>est.</strong></span> <span class='ocrx_word' id='word_1_331' title='bbox 671 3331 793 3414; x_wconf 85' lang='lat' dir='ltr'><strong>atquae</strong></span> <span class='ocrx_word' id='word_1_332' title='bbox 816 3343 931 3399; x_wconf 85' lang='lat' dir='ltr'><strong>tandem</strong></span> <span class='ocrx_word' id='word_1_333' title='bbox 955 3358 1023 3398; x_wconf 89' lang='lat' dir='ltr'><strong>sana</strong></span> <span class='ocrx_word' id='word_1_334' title='bbox 1041 3359 1126 3399; x_wconf 91' lang='lat' dir='ltr'><strong>causa</strong></span> <span class='ocrx_word' id='word_1_335' title='bbox 1147 3342 1230 3398; x_wconf 88' lang='lat' dir='ltr'><strong>huius</strong></span> <span class='ocrx_word' id='word_1_336' title='bbox 1253 3340 1372 3398; x_wconf 84' lang='lat' dir='ltr'><strong>rationis</strong></span> 
     </span>
     <span class='ocr_line' id='line_1_35' title="bbox 201 3431 1371 3505; baseline -0.004 -15"><span class='ocrx_word' id='word_1_337' title='bbox 201 3432 356 3505; x_wconf 87' lang='lat' dir='ltr'><strong>excogitari</strong></span> <span class='ocrx_word' id='word_1_338' title='bbox 374 3434 486 3504; x_wconf 81' lang='lat' dir='ltr'><strong>potest?</strong></span> <span class='ocrx_word' id='word_1_339' title='bbox 523 3450 559 3488; x_wconf 89' lang='lat' dir='ltr'><strong>an</strong></span> <span class='ocrx_word' id='word_1_340' title='bbox 582 3433 667 3503; x_wconf 80' lang='lat' dir='ltr'><strong>forts,</strong></span> <span class='ocrx_word' id='word_1_341' title='bbox 690 3433 738 3505; x_wconf 91' lang='lat' dir='ltr'><strong>qui</strong></span> <span class='ocrx_word' id='word_1_342' title='bbox 757 3433 917 3503; x_wconf 87' lang='lat' dir='ltr'><strong>Caesarem,</strong></span> <span class='ocrx_word' id='word_1_343' title='bbox 941 3449 1023 3502; x_wconf 89' lang='lat' dir='ltr'><strong>quem</strong></span> <span class='ocrx_word' id='word_1_344' title='bbox 1047 3434 1141 3489; x_wconf 90' lang='lat' dir='ltr'><strong>auimo</strong></span> <span class='ocrx_word' id='word_1_345' title='bbox 1164 3432 1264 3487; x_wconf 90' lang='lat' dir='ltr'><strong>intimo</strong></span> <span class='ocrx_word' id='word_1_346' title='bbox 1282 3431 1371 3501; x_wconf 90' lang='lat' dir='ltr'><strong>suspi-</strong></span> 
     </span>
    </p>
   </div>
   <div class='ocr_carea' id='block_1_5' title="bbox 200 3609 1375 4310">
    <p class='ocr_par' dir='ltr' id='par_1_5' title="bbox 200 3609 1375 4310">
     <span class='ocr_line' id='line_1_36' title="bbox 201 3609 1372 3684; baseline -0.005 -15"><span class='ocrx_word' id='word_1_347' title='bbox 201 3631 261 3669; x_wconf 84' lang='lat' dir='ltr'><strong>osso</strong></span> <span class='ocrx_word' id='word_1_348' title='bbox 284 3615 392 3670; x_wconf 88' lang='lat' dir='ltr'><strong>dicetur</strong></span> <span class='ocrx_word' id='word_1_349' title='bbox 411 3612 572 3668; x_wconf 84' lang='lat' dir='ltr'><strong>Ciceronem</strong></span> <span class='ocrx_word' id='word_1_350' title='bbox 596 3630 726 3683; x_wconf 89' lang='lat' dir='ltr'><strong>perosum</strong></span> <span class='ocrx_word' id='word_1_351' title='bbox 749 3613 833 3667; x_wconf 88' lang='lat' dir='ltr'><strong>armis</strong></span> <span class='ocrx_word' id='word_1_352' title='bbox 856 3612 962 3682; x_wconf 86' lang='lat' dir='ltr'><strong>apertis</strong></span> <span class='ocrx_word' id='word_1_353' title='bbox 980 3613 1154 3684; x_wconf 79' lang='lat' dir='ltr'><strong>inpugnare?</strong></span> <span class='ocrx_word' id='word_1_354' title='bbox 1191 3610 1263 3666; x_wconf 90' lang='lat' dir='ltr'><strong>nihil</strong></span> <span class='ocrx_word' id='word_1_355' title='bbox 1281 3609 1372 3681; x_wconf 86' lang='lat' dir='ltr'><strong>magis</strong></span> 
     </span>
     <span class='ocr_line' id='line_1_37' title="bbox 200 3700 1372 3773; baseline -0.006 -13"><span class='ocrx_word' id='word_1_356' title='bbox 200 3705 333 3760; x_wconf 88' lang='lat' dir='ltr'><strong>abhorret</strong></span> <span class='ocrx_word' id='word_1_357' title='bbox 355 3720 373 3757; x_wconf 90' lang='lat' dir='ltr'><strong>a</strong></span> <span class='ocrx_word' id='word_1_358' title='bbox 391 3707 476 3773; x_wconf 83' lang='lat' dir='ltr'><strong>poeta</strong></span> <span class='ocrx_word' id='word_1_359' title='bbox 495 3704 597 3758; x_wconf 90' lang='lat' dir='ltr'><strong>nostro.</strong></span> <span class='ocrx_word' id='word_1_360' title='bbox 635 3700 680 3756; x_wconf 90' lang='lat' dir='ltr'><strong>cui</strong></span> <span class='ocrx_word' id='word_1_361' title='bbox 703 3701 826 3757; x_wconf 90' lang='lat' dir='ltr'><strong>uiderint</strong></span> <span class='ocrx_word' id='word_1_362' title='bbox 848 3703 1005 3759; x_wconf 87' lang='lat' dir='ltr'><strong>sententiae</strong></span> <span class='ocrx_word' id='word_1_363' title='bbox 1028 3702 1110 3759; x_wconf 91' lang='lat' dir='ltr'><strong>istius</strong></span> <span class='ocrx_word' id='word_1_364' title='bbox 1133 3703 1261 3759; x_wconf 87' lang='lat' dir='ltr'><strong>auctores</strong></span> <span class='ocrx_word' id='word_1_365' title='bbox 1283 3716 1372 3769; x_wconf 92' lang='lat' dir='ltr'><strong>quan-</strong></span> 
     </span>
     <span class='ocr_line' id='line_1_38' title="bbox 201 3789 1374 3862; baseline -0.005 -13"><span class='ocrx_word' id='word_1_366' title='bbox 201 3796 261 3849; x_wconf 90' lang='lat' dir='ltr'><strong>tam</strong></span> <span class='ocrx_word' id='word_1_367' title='bbox 286 3792 416 3847; x_wconf 88' lang='lat' dir='ltr'><strong>iniuriam</strong></span> <span class='ocrx_word' id='word_1_368' title='bbox 443 3792 578 3862; x_wconf 87' lang='lat' dir='ltr'><strong>inferant,</strong></span> <span class='ocrx_word' id='word_1_369' title='bbox 604 3810 667 3848; x_wconf 92' lang='lat' dir='ltr'><strong>oum</strong></span> <span class='ocrx_word' id='word_1_370' title='bbox 695 3809 758 3847; x_wconf 90' lang='lat' dir='ltr'><strong>eum</strong></span> <span class='ocrx_word' id='word_1_371' title='bbox 784 3808 812 3847; x_wconf 89' lang='lat' dir='ltr'><strong>se</strong></span> <span class='ocrx_word' id='word_1_372' title='bbox 836 3792 1018 3849; x_wconf 88' lang='lat' dir='ltr'><strong>ulciscentem</strong></span> <span class='ocrx_word' id='word_1_373' title='bbox 1040 3792 1147 3849; x_wconf 72' lang='lat' dir='ltr'><strong>furunt</strong></span> <span class='ocrx_word' id='word_1_374' title='bbox 1168 3789 1296 3847; x_wconf 87' lang='lat' dir='ltr'><strong>uersibus</strong></span> <span class='ocrx_word' id='word_1_375' title='bbox 1322 3789 1374 3859; x_wconf 90' lang='lat' dir='ltr'><strong>eis,</strong></span> 
     </span>
     <span class='ocr_line' id='line_1_39' title="bbox 201 3877 1372 3954; baseline -0.003 -16"><span class='ocrx_word' id='word_1_376' title='bbox 201 3901 270 3954; x_wconf 92' lang='lat' dir='ltr'><strong>quos</strong></span> <span class='ocrx_word' id='word_1_377' title='bbox 288 3899 370 3938; x_wconf 90' lang='lat' dir='ltr'><strong>nemo</strong></span> <span class='ocrx_word' id='word_1_378' title='bbox 389 3884 525 3951; x_wconf 89' lang='lat' dir='ltr'><strong>ueterum,</strong></span> <span class='ocrx_word' id='word_1_379' title='bbox 545 3882 599 3937; x_wconf 90' lang='lat' dir='ltr'><strong>nisi</strong></span> <span class='ocrx_word' id='word_1_380' title='bbox 618 3883 690 3938; x_wconf 85' lang='lat' dir='ltr'><strong>forte</strong></span> <span class='ocrx_word' id='word_1_381' title='bbox 708 3883 746 3937; x_wconf 91' lang='lat' dir='ltr'><strong>ab</strong></span> <span class='ocrx_word' id='word_1_382' title='bbox 764 3883 880 3952; x_wconf 88' lang='lat' dir='ltr'><strong>antiquo</strong></span> <span class='ocrx_word' id='word_1_383' title='bbox 898 3882 1020 3951; x_wconf 88' lang='lat' dir='ltr'><strong>quodam</strong></span> <span class='ocrx_word' id='word_1_384' title='bbox 1035 3882 1184 3951; x_wconf 81' lang='lat' dir='ltr'><strong>Olumpero</strong></span> <span class='ocrx_word' id='word_1_385' title='bbox 1202 3877 1372 3947; x_wconf 78' lang='lat' dir='ltr'><strong>admomtm,</strong></span> 
     </span>
     <span class='ocr_line' id='line_1_40' title="bbox 201 3968 1373 4043; baseline -0.005 -13"><span class='ocrx_word' id='word_1_386' title='bbox 201 3976 304 4030; x_wconf 87' lang='lat' dir='ltr'><strong>tectam</strong></span> <span class='ocrx_word' id='word_1_387' title='bbox 325 3973 467 4043; x_wconf 91' lang='lat' dir='ltr'><strong>quandam</strong></span> <span class='ocrx_word' id='word_1_388' title='bbox 491 3972 650 4027; x_wconf 86' lang='lat' dir='ltr'><strong>inrisionem</strong></span> <span class='ocrx_word' id='word_1_389' title='bbox 674 3971 817 4027; x_wconf 88' lang='lat' dir='ltr'><strong>continere</strong></span> <span class='ocrx_word' id='word_1_390' title='bbox 840 3970 964 4040; x_wconf 82' lang='lat' dir='ltr'><strong>agnouit</strong></span> <span class='ocrx_word' id='word_1_391' title='bbox 1000 3968 1131 4038; x_wconf 81' lang='lat' dir='ltr'><strong>eiigitur</strong></span> <span class='ocrx_word' id='word_1_392' title='bbox 1149 3987 1263 4026; x_wconf 73' lang='lat' dir='ltr'><strong>emmau</strong></span> <span class='ocrx_word' id='word_1_393' title='bbox 1280 3970 1373 4040; x_wconf 89' lang='lat' dir='ltr'><strong>ipsum</strong></span> 
     </span>
     <span class='ocr_line' id='line_1_41' title="bbox 203 4058 1375 4132; baseline -0.006 -13"><span class='ocrx_word' id='word_1_394' title='bbox 203 4064 341 4119; x_wconf 89' lang='lat' dir='ltr'><strong>eiusmodi</strong></span> <span class='ocrx_word' id='word_1_395' title='bbox 359 4065 415 4131; x_wconf 86' lang='lat' dir='ltr'><strong>est,</strong></span> <span class='ocrx_word' id='word_1_396' title='bbox 439 4065 471 4118; x_wconf 90' lang='lat' dir='ltr'><strong>ut</strong></span> <span class='ocrx_word' id='word_1_397' title='bbox 493 4061 601 4116; x_wconf 89' lang='lat' dir='ltr'><strong>nullum</strong></span> <span class='ocrx_word' id='word_1_398' title='bbox 625 4060 669 4115; x_wconf 89' lang='lat' dir='ltr'><strong>his</strong></span> <span class='ocrx_word' id='word_1_399' title='bbox 693 4061 896 4132; x_wconf 88' lang='lat' dir='ltr'><strong>suspicionibus</strong></span> <span class='ocrx_word' id='word_1_400' title='bbox 918 4075 1015 4115; x_wconf 87' lang='lat' dir='ltr'><strong>ansam</strong></span> <span class='ocrx_word' id='word_1_401' title='bbox 1033 4060 1181 4128; x_wconf 83' lang='lat' dir='ltr'><strong>praebeat,</strong></span> <span class='ocrx_word' id='word_1_402' title='bbox 1206 4058 1375 4115; x_wconf 83' lang='lat' dir='ltr'><strong>coniecturis</strong></span> 
     </span>
     <span class='ocr_line' id='line_1_42' title="bbox 203 4148 1373 4221; baseline -0.002 -15"><span class='ocrx_word' id='word_1_403' title='bbox 203 4155 340 4208; x_wconf 88' lang='lat' dir='ltr'><strong>derebus</strong></span> <span class='ocrx_word' id='word_1_404' title='bbox 364 4151 444 4206; x_wconf 87' lang='lat' dir='ltr'><strong>nobis</strong></span> <span class='ocrx_word' id='word_1_405' title='bbox 464 4151 616 4221; x_wconf 88' lang='lat' dir='ltr'><strong>incognitis</strong></span> <span class='ocrx_word' id='word_1_406' title='bbox 634 4151 718 4221; x_wconf 86' lang='lat' dir='ltr'><strong>plano</strong></span> <span class='ocrx_word' id='word_1_407' title='bbox 741 4151 933 4206; x_wconf 85' lang='lat' dir='ltr'><strong>abstineamus</strong></span> <span class='ocrx_word' id='word_1_408' title='bbox 952 4148 1090 4218; x_wconf 86' lang='lat' dir='ltr'><strong>peruersis</strong></span> <span class='ocrx_word' id='word_1_409' title='bbox 1114 4153 1142 4202; x_wconf 87' lang='lat' dir='ltr'><strong>ct</strong></span> <span class='ocrx_word' id='word_1_410' title='bbox 1160 4166 1210 4216; x_wconf 89' lang='lat' dir='ltr'><strong>per</strong></span> <span class='ocrx_word' id='word_1_411' title='bbox 1228 4167 1257 4204; x_wconf 89' lang='lat' dir='ltr'><strong>se</strong></span> <span class='ocrx_word' id='word_1_412' title='bbox 1281 4149 1373 4219; x_wconf 89' lang='lat' dir='ltr'><strong>inpro-</strong></span> 
     </span>
     <span class='ocr_line' id='line_1_43' title="bbox 204 4238 1374 4310; baseline -0.002 -15"><span class='ocrx_word' id='word_1_413' title='bbox 204 4244 384 4297; x_wconf 87' lang='lat' dir='ltr'><strong>babilissimis</strong></span> <span class='ocrx_word' id='word_1_414' title='bbox 404 4245 569 4310; x_wconf 85' lang='lat' dir='ltr'><strong>tantumque</strong></span> <span class='ocrx_word' id='word_1_415' title='bbox 589 4258 622 4295; x_wconf 89' lang='lat' dir='ltr'><strong>ca</strong></span> <span class='ocrx_word' id='word_1_416' title='bbox 646 4241 717 4295; x_wconf 85' lang='lat' dir='ltr'><strong>scira</strong></span> <span class='ocrx_word' id='word_1_417' title='bbox 736 4240 867 4307; x_wconf 85' lang='lat' dir='ltr'><strong>uelimus,</strong></span> <span class='ocrx_word' id='word_1_418' title='bbox 890 4255 962 4308; x_wconf 88' lang='lat' dir='ltr'><strong>quaa</strong></span> <span class='ocrx_word' id='word_1_419' title='bbox 980 4255 1091 4293; x_wconf 76' lang='lat' dir='ltr'><strong>carmem</strong></span> <span class='ocrx_word' id='word_1_420' title='bbox 1111 4238 1277 4306; x_wconf 83' lang='lat' dir='ltr'><strong>simpliciter</strong></span> <span class='ocrx_word' id='word_1_421' title='bbox 1295 4255 1374 4294; x_wconf 86' lang='lat' dir='ltr'><strong>cuar-</strong></span> 
     </span>
    </p>
   </div>
   <div class='ocr_carea' id='block_1_6' title="bbox 201 4321 1406 4491">
    <p class='ocr_par' dir='ltr' id='par_1_6' title="bbox 201 4321 1406 4491">
     <span class='ocr_line' id='line_1_44' title="bbox 201 4321 1406 4401; baseline -0.002 -15"><span class='ocrx_word' id='word_1_422' title='bbox 201 4333 293 4386; x_wconf 87' lang='lat' dir='ltr'><strong>ratnm</strong></span> <span class='ocrx_word' id='word_1_423' title='bbox 319 4330 399 4386; x_wconf 91' lang='lat' dir='ltr'><strong>nobis</strong></span> <span class='ocrx_word' id='word_1_424' title='bbox 423 4331 593 4401; x_wconf 85' lang='lat' dir='ltr'><strong>suppeditat.</strong></span> <span class='ocrx_word' id='word_1_425' title='bbox 636 4329 691 4383; x_wconf 88' lang='lat' dir='ltr'><strong>iam</strong></span> <span class='ocrx_word' id='word_1_426' title='bbox 715 4328 871 4400; x_wconf 87' lang='lat' dir='ltr'><strong>significaui</strong></span> <span class='ocrx_word' id='word_1_427' title='bbox 894 4326 999 4399; x_wconf 80' lang='lat' dir='ltr'><strong>ugido</strong></span> <span class='ocrx_word' id='word_1_428' title='bbox 1024 4342 1107 4381; x_wconf 84' lang='lat' dir='ltr'><strong>causa</strong></span> <span class='ocrx_word' id='word_1_429' title='bbox 1130 4345 1147 4380; x_wconf 85' lang='lat' dir='ltr'><strong>a</strong></span> <span class='ocrx_word' id='word_1_430' title='bbox 1171 4327 1303 4382; x_wconf 85' lang='lat' dir='ltr'><strong>Cicerone</strong></span> <span class='ocrx_word' id='word_1_431' title='bbox 1327 4329 1374 4384; x_wconf 93' lang='lat' dir='ltr'><strong>de·</strong></span> <span class='ocrx_word' id='word_1_432' title='bbox 1402 4321 1406 4327; x_wconf 71' lang='grc'><strong>’</strong></span> 
     </span>
     <span class='ocr_line' id='line_1_45' title="bbox 203 4416 1374 4491; baseline -0.002 -16"><span class='ocrx_word' id='word_1_433' title='bbox 203 4421 290 4478; x_wconf 83' lang='lat' dir='ltr'><strong>fonsa</strong></span> <span class='ocrx_word' id='word_1_434' title='bbox 319 4421 384 4476; x_wconf 90' lang='lat' dir='ltr'><strong>hinc</strong></span> <span class='ocrx_word' id='word_1_435' title='bbox 403 4421 544 4491; x_wconf 80' lang='lat' dir='ltr'><strong>proiectus</strong></span> <span class='ocrx_word' id='word_1_436' title='bbox 563 4421 599 4474; x_wconf 86' lang='lat' dir='ltr'><strong>ad</strong></span> <span class='ocrx_word' id='word_1_437' title='bbox 619 4437 680 4475; x_wconf 85' lang='lat' dir='ltr'><strong>eam</strong></span> <span class='ocrx_word' id='word_1_438' title='bbox 700 4417 866 4474; x_wconf 57' lang='lat' dir='ltr'><strong>sonantium</strong></span> <span class='ocrx_word' id='word_1_439' title='bbox 881 4416 1010 4488; x_wconf 84' lang='lat' dir='ltr'><strong>perucui,</strong></span> <span class='ocrx_word' id='word_1_440' title='bbox 1028 4432 1112 4486; x_wconf 87' lang='lat' dir='ltr'><strong>quarn</strong></span> <span class='ocrx_word' id='word_1_441' title='bbox 1130 4417 1230 4485; x_wconf 79' lang='lat' dir='ltr'><strong>postea</strong></span> <span class='ocrx_word' id='word_1_442' title='bbox 1243 4417 1302 4472; x_wconf 90' lang='lat' dir='ltr'><strong>nidi</strong></span> <span class='ocrx_word' id='word_1_443' title='bbox 1317 4418 1374 4473; x_wconf 91' lang='lat' dir='ltr'><strong>iam</strong></span> 
     </span>
    </p>
   </div>
   <div class='ocr_carea' id='block_1_7' title="bbox 0 0 1480 4912">
    <p class='ocr_par' dir='ltr' id='par_1_7' title="bbox 0 0 1480 4912">
     <span class='ocr_line' id='line_1_46' title="bbox 0 0 1480 4912; baseline 0 0"><span class='ocrx_word' id='word_1_444' title='bbox 0 0 1480 4912; x_wconf 95' lang='lat' dir='ltr'><strong> </strong></span> 
     </span>
    </p>
   </div>
  </div>
 </body>
</html>
