2940 4912
566 350 613 404 uu
632 358 657 405 4.
693 351 755 406 aul
777 359 852 408 1-e.
1078 326 1081 331 ’
1227 355 1293 418 ‘263

115 511 214 583 pulcre
231 512 301 568 haec
319 511 481 583 iunguntur,
499 510 622 568 Nonium
641 512 698 568 iam
712 515 872 583 compotem
886 512 1042 569 aedilitatis
1057 530 1127 581 esse,
1147 514 1291 571 Vatinium

116 601 192 657 bona
210 618 259 672 spe
278 601 440 656 cumulatus
457 601 561 669 teneri,
580 604 610 656 et
632 603 709 657 certo
734 603 846 657 constat
864 602 937 657 hunc
955 603 1011 657 iam
1036 604 1120 674 longe
1139 606 1290 674 antequam

116 690 215 746 consul
232 689 325 746 factus
352 691 394 745 est
417 690 451 746 de
474 691 622 745 consulatu
645 708 696 747 suo
718 690 844 746 locutum
867 707 927 747 esse
951 691 1018 762 (Cic.
1041 692 1072 746 in
1090 693 1153 748 Vat.
1173 698 1203 762 t,
1223 700 1239 748 6
1264 696 1293 748 et

116 784 216 849 5,11).
251 781 371 849 quaerat
388 779 434 834 hic
453 779 604 850 quispiam:
625 797 673 835 cur
691 780 761 836 haec
778 780 885 836 Vatinii
905 782 1077 838 consuetudo
1097 785 1156 837 tam
1176 782 1288 837 anxium
1385 785 1391 796 '

117 869 327 938 sollicitumque
345 868 469 924 reddidit
491 873 630 939 nostrum,
655 888 719 925 cum
743 871 802 940 spei
820 870 896 925 illius
921 873 1037 926 euentus
1055 871 1177 926 incertus
1195 874 1290 927 maren

116 963 210 1015 esset?
236 975 292 1014 non
311 957 533 1014 obliuiscendum
554 960 599 1014 est
611 959 757 1028 nimirum,
777 960 934 1028 Vatinium,
954 951 1090 1030 quidquid
1108 959 1290 1030 impugnatus

116 1051 163 1104 cat
185 1045 430 1104 uehementissime
457 1049 486 1102 et
508 1064 525 1103 a
549 1047 682 1105 Cicerone
706 1050 735 1104 et
758 1067 775 1104 a
799 1049 886 1103 Caluo
911 1049 956 1119 (cf.
980 1047 1066 1119 LIII),
1092 1051 1187 1103 tamen
1210 1065 1235 1103 a.
1255 1054 1289 1105 tt

115 1139 275 1209 praetorem
299 1152 360 1193 esse
383 1140 507 1193 creatum
530 1139 559 1193 et
583 1137 648 1193 hinc
667 1155 716 1193 suo
740 1138 799 1193 iure
825 1137 1009 1193 certissimam
1034 1138 1194 1193 consulatus
1219 1139 1289 1208 opti·

114 1227 203 1283 nendi
228 1243 308 1298 apem
335 1226 504 1297 concepisse.
552 1225 678 1282 Catullus
705 1231 798 1282 autem
833 1244 865 1283 oo
898 1225 990 1298 magis
1022 1226 1212 1298 intellegimus
1241 1245 1289 1282 our

115 1316 212 1373 bodio
233 1318 334 1373 horam
355 1320 529 1388 temporum,
553 1317 653 1385 quibus
673 1316 779 1372 Vatinii
802 1316 930 1372 uicerunt
953 1319 982 1372 et
1004 1316 1124 1372 Catones
1147 1318 1288 1388 repulsam

114 1407 255 1477 tuleram,
281 1409 425 1477 correptus
453 1406 498 1462 sit.
544 1405 645 1462 acerbe
669 1407 763 1461 autem
787 1406 968 1462 iureiuranda
991 1406 1051 1462 siue
1074 1408 1141 1461 uota
1166 1407 1288 1463 hominis

114 1513 336 1552 commemorans
354 1497 440 1567 poeta
457 1512 492 1550 ea
508 1498 594 1551 uocat
614 1495 771 1566 ‘periuria’;
790 1495 845 1551 Cic.
865 1494 894 1550 in
908 1495 972 1551 Vat
995 1503 1018 1564 1,
1038 1503 1054 1551 3
1073 1498 1288 1553 ismmsstuntiam

112 1603 177 1644 arn
195 1587 317 1653 unitam,
336 1591 394 1641 tum
412 1586 493 1641 etiam
508 1586 635 1655 periurio
653 1585 825 1655 inplicatam.
858 1583 1004 1639 deforma
1024 1584 1197 1655 ‘periurare’,
1217 1604 1288 1656 quae

112 1693 167 1748 pro
190 1676 302 1747 uulgari
327 1674 484 1746 ‘peierare‘
512 1675 588 1729 hand
612 1690 675 1729 raro
699 1673 728 1729 in
754 1673 833 1730 codd.
859 1676 903 1729 est
925 1673 1021 1742 obuia,
1048 1674 1082 1731 cf.
1102 1674 1240 1730 Usenerus
1258 1674 1288 1729 in

111 1764 253 1821 Fleckeis.
276 1782 340 1820 ann.
366 1770 434 1819 1866
458 1782 485 1833 p.
500 1769 560 1818 226.
581 1795 614 1804 -
634 1765 664 1820 4.
693 1763 733 1819 sic
756 1765 904 1834 postquam
928 1761 960 1817 id
982 1764 1057 1834 quod
1075 1781 1102 1818 u.
1122 1770 1136 1818 1
1155 1766 1289 1834 posuerat

113 1855 256 1912 stabilicit
274 1852 445 1912 ostendendo
465 1853 532 1922 quid
552 1854 607 1908 iam
627 1871 700 1909 nunc
719 1851 756 1908 sit
780 1852 902 1923 quidque
924 1869 990 1908 mox
1008 1852 1133 1908 futurum
1151 1853 1201 1922 sit,
1225 1871 1287 1923 gra·

112 1947 189 2001 nitor
205 1944 286 2014 quasi
300 1943 519 2000 confirmationis
534 1944 596 2000 Ioco
611 1943 651 1999 Ita
665 1945 697 1999 ut
710 1944 788 1999 amat
802 1941 848 2013 (cf.
863 1960 947 2013 supra
960 1942 997 1997 ad
1012 1941 1078 1997 VIII
1093 1945 1119 2011 7)
1134 1942 1287 2013 interroga-

111 2033 223 2090 tionem
241 2049 320 2088 suam
338 2032 442 2103 repetIt
459 2034 557 2102 poeta;
577 2033 708 2103 suppleas
726 2035 820 2088 mente
840 2033 946 2087 ‘nonne
965 2031 1025 2087 iure
1044 2049 1107 2088 meo
1126 2032 1197 2089 dist:
1216 2052 1242 2103 q.
1263 2050 1287 2089 e.

111 2123 145 2179 C.
163 2142 191 2194 q.
209 2141 245 2178 m.
267 2123 325 2178 at'

654 2275 744 2332 LIII.

186 2391 215 2447 1.
237 2389 303 2447 Bisl
326 2390 429 2446 nescio
452 2404 540 2459 quem
558 2389 645 2446 modo
670 2403 704 2445 ec
723 2401 845 2445 corona.
882 2387 993 2443 turbam
1012 2389 1172 2444 auditorum
1192 2394 1285 2446 orato-

111 2499 173 2537 rem
191 2479 381 2548 iudiciumque
404 2478 644 2535 circumstantium
663 2477 738 2534 ultro
762 2479 880 2548 apparet
898 2476 1016 2531 mixtam
1039 2477 1124 2533 fuisse
1144 2496 1176 2532 ex
1195 2479 1285 2534 diuer-

110 2568 218 2626 sissimi
240 2568 351 2640 generis
373 2567 556 2636 homiuibum,
570 2568 636 2625 Tac.
660 2567 725 2622 dial.
754 2573 786 2620 19
809 2584 870 2622 cum
892 2567 924 2621 in
947 2582 1047 2621 sermm
1070 2568 1121 2622 uia
1142 2570 1286 2638 quisquam

110 2659 245 2726 adridat,
263 2659 332 2728 quin
350 2659 486 2713 emanans
506 2657 674 2723 studiorum,
693 2658 743 2712 etsi
760 2673 816 2711 non
840 2657 1005 2723 instructus,
1031 2661 1061 2711 ut
1079 2664 1148 2712 certe
1166 2658 1286 2713 imbutus

111 2752 161 2815 eit,
178 2748 246 2805 ibid.
262 2755 297 2803 20
310 2748 413 2819 uulpus
426 2748 616 2803 adsistentium
631 2750 660 2802 et
674 2737 710 2801 32'
722 2763 779 2802 non
792 2747 887 2801 doetus
900 2747 978 2801 modo
991 2752 1017 2801 st
1026 2748 1150 2815 praedans
1164 2748 1285 2817 auditor,

110 2839 161 2893 esd
177 2838 261 2892 dmm
274 2838 403 2907 populus.
432 2853 465 2891 ex
484 2836 538 2891 hoc
553 2837 639 2907 uulgo
656 2835 815 2890 auditorum
831 2836 944 2905 (emona
957 2836 1110 2892 sordidiore
1125 2837 1187 2891 sen.
1204 2837 1284 2907 epist.

113 2932 179 2994 114,
200 2930 242 2996 12)
267 2927 388 2996 aliquem
416 2925 525 2980 indicat
547 2926 618 2980 illud
642 2943 705 2979 cum
728 2925 850 2992 quodam
874 2923 1020 2994 despicatu
1044 2926 1150 2980 dictum
1175 2927 1285 2983 ‘nescio

109 3016 218 3087 quem’.
255 3016 376 3071 ‘modo’z
395 3015 483 3085 fingas
507 3015 560 3070 tibi
579 3013 679 3069 audita
701 3014 826 3069 oratione
846 3014 986 3070 Catullum
1010 3015 1122 3070 domum
1142 3034 1284 3071 reuersum

109 3108 165 3163 noc
183 3105 345 3176 poematica
365 3108 509 3175 tamquam
528 3102 730 3170 admirationis,
751 3120 806 3171 qua
828 3104 986 3172 tenebatur,
1005 3104 1197 3161 testimonium
1216 3107 1284 3177 lepi-

109 3199 180 3252 dum
202 3196 381 3265 iocosumque
403 3195 433 3249 iu
457 3197 549 3250 cartae
573 3194 724 3250 coniecisse
744 3193 886 3263 Caluoque
910 3193 1026 3250 misisse.
1064 3195 1183 3250 formam
1206 3212 1285 3265 prae-

109 3285 259 3357 positionis
279 3286 325 3353 ‘e,
344 3286 393 3340 er‘
415 3302 477 3339 eam
501 3301 572 3354 quae
595 3286 639 3339 est
658 3285 721 3339 ‘ec'
742 3301 798 3339 non
821 3285 896 3339 recte
915 3283 1023 3340 Neuius
1043 3284 1083 3355 [II
1101 3303 1127 3354 p.
1144 3292 1194 3340 766
1209 3287 1283 3358 sqq]
1316 3274 1320 3278 ’

109 3374 287 3431 solummodo
306 3375 335 3430 in
356 3373 519 3445 compositis
538 3374 658 3428 inueniri
678 3375 772 3443 putat=
799 3373 913 3444 plurimi
937 3376 1034 3429 extant
1057 3373 1125 3442 loci,
1149 3373 1198 3428 ubi
1221 3391 1284 3429 eum

108 3465 197 3520 soliis
214 3464 243 3519 in
262 3465 315 3518 boc
331 3464 384 3518 ‘ec’
402 3463 561 3532 corruptele
576 3463 627 3516 ‘et’
647 3461 763 3529 adserit3
785 3461 819 3515 cs.
835 3477 876 3515 ex.
891 3480 932 3532 gr.
949 3461 1143 3516 Oltibbeclrius
1157 3463 1281 3532 prolegg.

110 3552 194 3624 Verg.
214 3571 240 3624 p.
256 3558 316 3609 418.
337 3583 369 3593 -
390 3553 423 3624 a,
442 3553 471 3608 a.
496 3567 563 3607 cum
586 3550 716 3606 mlrlllce
735 3551 896 3607 Vutlnlaua
919 3565 1003 3605 mous
1027 3549 1155 3605 crImIna
1174 3550 1283 3606 calcos

107 3643 305 3714 explicuisti.
344 3641 466 3711 ‘mirif.',
490 3642 562 3695 mira
584 3640 644 3695 siue
669 3639 804 3710 singulari
828 3641 901 3709 arte,
925 3641 957 3692 ut
974 3638 1113 3694 LXXXIV
1133 3645 1148 3693 'l
1171 3641 1284 3707 mirifico

107 3735 238 3790 locutum
277 3733 377 3788 ‘meus’
399 3733 444 3787 hic
463 3734 548 3803 poeta
567 3732 643 3786 iusta
661 3731 744 3785 amici
764 3729 896 3799 superbia
914 3730 1004 3784 elatus
1022 3729 1116 3799 potius
1136 3731 1284 3800 praeponIt

107 3839 195 3892 quam
216 3823 351 3877 sermonis
368 3821 516 3877 cottidiani
534 3838 614 3876 usum
633 3822 753 3875 secutus.
791 3819 826 3874 de
846 3836 966 3887 quanam
987 3819 1015 3873 C.
1035 3818 1136 3874 Licinii
1156 3819 1235 3876 Calui
1255 3822 1282 3875 in

105 3912 139 3969 Ρ.
151 3910 295 3967 Vatinium
310 3911 356 3980 (de
371 3929 425 3980 quo
440 3912 474 3967 cf.
489 3910 678 3966 AHaackhius
692 3911 721 3964 in
735 3909 824 3979 Pauly
840 3908 944 3977 encycl.
960 3909 1025 3965 roal.
1042 3909 1080 3962 Vl
1095 3929 1120 3980 p.
1133 3916 1202 3965 2396
1212 3914 1282 3980 sqq.)

106 4004 238 4058 oratIone
262 4001 307 4056 hic
330 4004 432 4071 agatur
454 4002 486 4055 ut
509 4017 651 4068 eruamus,
675 3999 906 4070 proficiscendum
930 4000 974 4053 est
995 4016 1013 4052 a
1035 3998 1147 4067 Tacito,
1171 4000 1218 4068 qui
1242 4000 1282 4053 itu

106 4092 218 4147 iudicat
236 4089 316 4163 [dial.
336 4091 382 4162 21]
402 4097 500 4162 quotus
518 4092 590 4146 enim
608 4092 722 4160 quisque
741 4089 824 4144 Calui
846 4090 878 4142 in
895 4087 1020 4142 Asisium
1039 4093 1089 4142 aut
1107 4090 1138 4141 in
1157 4087 1281 4142 Drusum

105 4183 173 4254 tepit
192 4180 400 4236 mammona?
429 4187 459 4236 at
476 4181 581 4237 tercqu
599 4181 631 4235 in
649 4180 769 4235 omnium
787 4179 971 4234 studiosorum
984 4177 1112 4232 manibus
1124 4183 1281 4245 uersentur,

104 4272 229 4345 quaein
254 4269 398 4325 Vatinium
415 4271 614 4337 inscribuntur,
638 4286 671 4326 ac
691 4269 839 4338 praecipue
861 4267 982 4322 secunda
999 4283 1033 4320 ex
1056 4266 1219 4333 discretim
1244 4275 1282 4324 ot

103 4363 179 4419 enin
197 4360 292 4417 uerbis
309 4365 409 4416 ommia
428 4366 452 4416 et
469 4361 611 4416 sententiis
629 4361 745 4414 curibus
763 4359 886 4413 indicum
904 4357 1112 4411 acconsmodcta.
1142 4357 1215 4410 uudc
1230 4358 1280 4410 has

103 4450 251 4509 orationes
270 4448 416 4506 minimum
435 4452 491 4505 tres
514 4449 599 4505 fuisse
620 4450 775 4504 edocemur.
812 4448 847 4501 de
871 4445 971 4515 quibus
989 4449 1055 4515 poet
1077 4447 1200 4517 priorum
1225 4446 1280 4500 dis·
