2940 4912
398 405 404 414 Ι
513 330 654 386 dxxxix
672 337 751 384 4-o.
788 330 834 385 xc
855 338 932 385 1-o.
1241 326 1304 392 511

133 496 255 551 omnium
278 495 451 549 euhemerum
469 494 643 563 plenissima,
666 492 703 547 ad
725 491 790 546 lam.
812 491 849 544 IX
868 497 917 561 22,
941 492 1121 546 eduliorum
1134 491 1220 560 plena
1242 494 1308 545 mut

134 585 241 652 manis,
266 584 326 639 lib.
346 582 406 649 18,
426 588 473 650 bl,
498 581 579 638 Ouid.
599 581 679 652 epist.
699 586 730 647 8,
749 587 790 636 16.
818 612 850 621 -
875 580 904 636 4.
930 594 1026 649 quere
1048 579 1076 635 is
1100 578 1220 634 desinat
1242 592 1308 635 esse

135 672 254 743 maceri
290 671 382 726 XXIII
402 678 444 726 15.
483 672 562 726 nulla
580 670 606 726 ei
630 675 688 726 tam
708 672 777 725 bene
795 654 934 738 beateque
953 667 1063 724 uiuenti
1081 671 1124 724 est
1142 684 1239 735 causa,
1260 685 1308 723 cur

135 763 257 831 studeat,
272 765 304 817 ut
315 762 488 816 abstinenter
502 761 611 831 agendo
626 759 778 829 aliqnando
792 759 939 830 perueniat
952 759 989 813 ad
1004 757 1167 828 opimiorem
1183 757 1308 828 corporis

135 854 272 909 habitum.
293 884 322 893 -
344 853 378 922 5,
398 853 426 905 6.
450 850 503 919 qni
521 851 557 905 ut
574 849 652 905 nihil
672 849 819 921 atttngat,
843 849 905 904 nisl
924 848 1005 916 quod
1029 849 1076 903 iss
1099 848 1224 914 tangere
1247 861 1309 903 non

135 944 198 1016 est,
218 940 412 1011 quantumuls
431 954 525 1008 quere
544 939 586 996 sit
603 953 705 995 macer
722 938 872 994 Inuenies.
901 938 1028 1007 Scaliger
1041 937 1142 993 maluit
1157 935 1308 1007 ‘attingit’3

135 1049 219 1102 quem
242 1034 324 1087 erant
345 1030 395 1099 qui
420 1031 614 1099 sequerentur,
641 1028 773 1082 nimirum
797 1028 850 1082 ‘ut'
876 1045 927 1098 pro
952 1027 1211 1097 ‘quemadmodum’
1237 1025 1308 1081 acei-

136 1121 255 1192 pientes.
293 1120 342 1175 sed
361 1118 461 1173 salsius
480 1119 566 1189 uulgo
587 1118 640 1172 ‘ut’
666 1118 809 1188 accipiunt
831 1132 882 1187 pro
903 1117 1064 1186 ‘quamuis’,
1088 1116 1191 1172 omisso
1210 1118 1310 1186 postea

139 1210 257 1264 ‘tamen’
279 1208 431 1279 (Drakenb.
451 1207 489 1262 ad
508 1208 567 1262 Liu.
587 1206 665 1262 XXII
684 1212 727 1275 20,
748 1210 787 1275 1),
807 1207 860 1262 hoc
880 1206 976 1262 medor
1000 1207 1069 1262 licet
1090 1223 1140 1276 pro
1163 1223 1240 1261 more
1259 1222 1309 1260 suo

138 1298 211 1370 (XCI
231 1305 245 1354 1
261 1300 325 1367 sqq)
344 1298 440 1352 futuat
457 1297 654 1352 tantummodo
679 1283 814 1367 cognatas
834 1314 919 1368 supro
938 1297 1115 1351 enumeratas
1134 1296 1201 1364 (non
1219 1293 1310 1364 alias),

136 1389 193 1444 iarn
213 1405 247 1442 ex
266 1389 364 1442 harum
385 1389 414 1442 et
432 1403 547 1441 numero
566 1387 596 1441 et
614 1390 716 1441 natura
734 1385 895 1456 intelleges,
915 1403 964 1440 cur
978 1387 1010 1441 G.
1030 1386 1068 1441 sit
1085 1384 1189 1455 oppido
1208 1400 1309 1439 macer.

137 1479 241 1533 Lucan.
260 1476 336 1531 1181
356 1478 402 1544 fas
419 1478 485 1532 haec
503 1478 656 1546 contingere
674 1492 731 1531 non
750 1481 795 1531 cst.
834 1475 1036 1545 ‘quantumuis’
1057 1492 1109 1544 pro
1130 1474 1235 1529 ‘ualde’
1257 1473 1308 1528 ad-

136 1567 258 1622 hibitum
286 1583 359 1620 nunc
387 1564 501 1635 quidem
534 1566 610 1635 apud
638 1566 772 1621 Senecam
800 1566 913 1622 demum
945 1564 1063 1619 recurrit
1090 1563 1309 1633 Suetoniumque

136 1654 235 1725 (Calig.
255 1661 288 1710 58
307 1657 486 1724 quantumuis
503 1656 643 1723 sumendus
661 1657 865 1726 etpromptus).

687 1811 755 1868 XO.

209 1924 241 1996 1,
261 1924 290 1978 2.
313 1923 460 1979 Nascatur
482 1938 587 1992 magns
609 1937 648 1979 ex
671 1922 753 1981 Gelli
771 1923 937 1992 matrisque
960 1923 1091 1979 nelsndo
1114 1923 1255 1990 coningio
1279 1923 1311 1977 et

138 2014 235 2069 discat
257 2013 414 2068 Persicum
438 2013 635 2083 aruspicium.
672 2014 823 2069 memoriae
848 2017 893 2068 est
910 2013 1059 2081 traditum,
1083 2029 1195 2083 magos,
1213 2012 1310 2066 Persa·

139 2121 199 2157 rum
218 2103 377 2158 sacerdotes
392 2103 486 2173 (Apul.
502 2103 576 2173 apol.
592 2108 637 2173 2⁶)
652 2103 861 2174 sumentesque,
880 2103 989 2158 licitam
1009 2103 1153 2174 puteuisee
1173 2101 1310 2156 incestam

138 2210 200 2246 cum
224 2191 361 2245 matribus
391 2196 419 2247 et
447 2191 588 2248 sororibus
613 2193 780 2264 filiabusque
809 2192 1047 2248 coniunctionem:
1076 2192 1111 2249 cl.
1135 2191 1236 2248 Strabo
1260 2189 1309 2245 XV

139 2300 164 2350 p.
181 2286 233 2334 7311
252 2277 362 2343 τούτοις
381 2276 513 2361 (μάγοις),
527 2280 559 2337 δὲ
584 2282 633 2337 καὶ
652 2278 770 2352 μητράσι
790 2281 980 2352 συνέρχεσθαι
999 2278 1119 2350 πάτριον
1138 2279 1311 2351 νενόμισται,

138 2369 436 2425 claudicaremus.
457 2369 495 2423 111
513 2376 565 2425 oio
589 2374 739 2440 μίγνυνται
762 2370 807 2439 de',
833 2373 935 2441 φησίν,
958 2368 988 2425 oi
1008 2366 1094 2441 μάγοι
1118 2366 1238 2440 μητράσι
1262 2367 1311 2423 καὶ

139 2455 311 2529 θυγατράσι·
327 2459 375 2512 καὶ
389 2453 529 2529 ἀδελφαῖς
543 2462 699 2529 μίγνυσθαι
711 2456 832 2529 θεμιτὸν
848 2458 931 2528 εἶναι,
946 2459 1028 2529 Diog.
1043 2459 1133 2514 Laert.
1151 2461 1160 2513 l
1177 2465 1201 2527 1,
1216 2458 1311 2528 Eurip.

139 2548 222 2603 Andr.
244 2554 295 2603 173
321 2564 383 2601 eum
408 2545 522 2602 scholiis
546 2547 645 2603 etalii
670 2548 778 2617 (Pauly,
802 2548 867 2603 hinc.
892 2548 959 2604 real.
983 2548 1021 2602 IV
1044 2568 1071 2618 p.
1095 2550 1182 2616 1³75).
1225 2546 1312 2617 igitur

138 2640 235 2708 poeta,
258 2636 307 2707 qui
330 2634 372 2689 ita
395 2634 467 2690 illud
489 2636 519 2689 in
541 2653 622 2690 usum
647 2655 727 2691 suurn
752 2637 892 2692 conuertit
913 2640 1071 2692 etcertum
1090 2636 1231 2707 quoddam
1249 2637 1312 2692 reli-

140 2726 231 2797 gionis
249 2726 430 2796 praeceptum
455 2741 489 2778 ea
513 2725 548 2779 de
571 2742 601 2778 re
625 2723 711 2781 fuisee
735 2725 835 2796 fingat,
860 2729 940 2796 optat
963 2731 995 2782 ut
1016 2726 1108 2797 turpis
1135 2726 1212 2781 illius
1240 2726 1313 2782 inter

141 2818 172 2873 G.
193 2817 366 2884 matremque
386 2812 550 2868 concubitus
571 2817 644 2881 (nam
669 2814 853 2885 ‘coniugium'
874 2817 991 2873 honeste
1010 2816 1045 2872 de
1063 2816 1170 2886 nuptiis
1187 2816 1312 2886 innuptis

140 2906 301 2975 adhibetur,
325 2907 357 2959 nt
380 2903 461 2958 Ouid.
486 2906 552 2958 met.
578 2901 602 2954 X
626 2909 691 2972 295,
716 2904 803 2974 Lygd.
823 2912 853 2973 l,
878 2910 923 2981 73)
947 2905 1053 2961 fructus
1076 2906 1115 2961 sit
1137 2905 1210 2960 filins
1233 2905 1312 2974 isque

139 3013 285 3066 magorum
309 2993 455 3049 diuinandi
478 3010 512 3048 ex
536 2993 715 3049 uictimarum
739 2995 811 3048 extis
835 2988 983 3066 disciplina
1005 2995 1150 3064 inbuatur,
1173 2995 1314 3050 beliat

138 3087 199 3156 ipse
212 3102 320 3154 magus.
350 3079 557 3137 substantiuum
574 3081 769 3151 ‘aruspicium'
786 3083 892 3154 primus
911 3084 1024 3140 uidetur
1039 3089 1134 3141 noster
1148 3083 1311 3140 adhibuisse

138 3174 215 3247 (inde
239 3190 257 3227 a
275 3172 409 3227 Suetonio
431 3171 544 3240 plures).
570 3203 603 3211 -
630 3171 660 3227 8.
684 3172 829 3240 gignatur
851 3175 985 3243 oportet.
1025 3175 1079 3230 hoc
1103 3177 1209 3231 certum
1232 3191 1312 3244 prae·

140 3268 265 3335 ceptum,
283 3261 390 3316 utiam
410 3259 482 3329 dixi,
502 3278 584 3316 exre
603 3261 715 3317 tinxisse
734 3264 846 3318 uidetur
864 3268 957 3334 poeta.
978 3297 1011 3305 -
1030 3265 1059 3320 4.
1079 3265 1173 3336 Impia
1191 3265 1313 3333 rellglo.

139 3351 302 3424 superstitIo
321 3350 357 3405 ob
375 3351 448 3405 tales
463 3349 599 3421 legerius
617 3353 713 3421 fasque
728 3354 803 3423 apud
817 3356 925 3408 ceteras
940 3357 1038 3423 gentes
1053 3355 1159 3410 cultum
1174 3355 1313 3409 uiolautes

140 3442 276 3500 horrenda
295 3439 395 3510 (XXIII
417 3443 474 3509 10);
502 3439 603 3508 quibus
626 3439 696 3494 illud
722 3441 758 3494 ‘si
777 3447 822 3509 (ιε
841 3442 991 3511 siquidem)
1011 3460 1079 3497 uera
1097 3444 1150 3497 est’
1172 3442 1313 3510 quomodo

140 3533 230 3603 accipi
249 3530 320 3586 uelit
337 3546 392 3584 non
411 3527 440 3582 in
463 3527 549 3583 dubio
568 3528 704 3598 relinquii
727 3532 820 3598 poete.
842 3561 871 3569 -
898 3530 933 3601 b,
953 3532 982 3585 6.
1006 3532 1114 3597 gnatus
1138 3532 1173 3585 ut
1189 3531 1313 3598 accepto

140 3620 306 3677 ueneratur
329 3617 463 3674 rurmlne
486 3617 589 3688 diuos,
614 3619 765 3674 omentum
786 3619 817 3673 In
837 3619 956 3674 hamma
973 3620 1085 3689 plngue
1104 3618 1313 3685 liquefaciens.

142 3711 261 3781 ‘gratus’
288 3707 409 3764 correxit
438 3706 610 3762 LMueIIerus
636 3707 733 3776 (etiam
761 3709 892 3778 ‘manue’
920 3710 1013 3763 minus
1039 3707 1109 3763 bene
1135 3712 1314 3779 proponens),

143 3817 206 3856 cnm
220 3797 355 3855 tradItum
371 3796 495 3867 ‘gnatus’
512 3802 577 3866 post
591 3803 649 3850 nt
669 3800 744 3852 stare
762 3814 828 3854 sane
846 3803 981 3867 nequeat:
1000 3798 1152 3853 secundum
1167 3797 1313 3852 Persarum

143 3889 305 3959 religionem
321 3903 420 3955 magus
435 3887 547 3955 oportet
562 3885 669 3939 oriatur
682 3904 716 3941 ex
729 3889 828 3942 matris
842 3886 977 3957 gnatique
997 3885 1155 3953 concubitu,
1174 3889 1206 3941 ut
1224 3886 1316 3957 possit

143 3982 240 4049 vatus
269 3977 312 4031 dis
335 3977 524 4044 acceptusque
549 3974 647 4028 horum
672 3992 752 4030 sacra
775 3976 860 4031 obire.
902 3977 974 4031 banc
997 3978 1141 4047 uulgarem
1165 3976 1313 4031 formulam

143 4066 239 4135 (xcvi
261 4071 287 4133 1)
306 4062 453 4135 paululum
471 4063 611 4117 inuertere
630 4063 725 4132 potuit
744 4067 852 4132 noster,
871 4080 982 4119 carmen
996 4065 1087 4133 ipsum
1106 4083 1124 4120 a
1142 4064 1232 4134 magis
1251 4081 1314 4118 can·

141 4159 232 4212 tatum
252 4155 422 4224 ‘acceptum’
449 4153 508 4207 siue
526 4152 678 4207 iucundum
702 4153 920 4223 exauditumque
945 4155 1046 4210 dicens.
1084 4155 1166 4226 Apul.
1185 4155 1258 4225 apol.
1280 4162 1314 4210 26

141 4246 282 4301 ausiciae
305 4246 425 4314 etapium
449 4284 473 4298 ..
498 4249 582 4296 cirtem
608 4258 663 4296 esec
686 4244 729 4297 die
752 4245 951 4299 immortalibus
974 4251 1123 4315 occeptum,
1142 4246 1249 4300 colendi
1271 4261 1315 4298 coe

140 4351 174 4390 ac
197 4335 349 4391 uemouds'
372 4349 553 4403 perperorum,
572 4333 652 4401 pium
674 4333 776 4387 scilicet
799 4338 823 4387 rt
845 4335 939 4389 diuini
961 4335 1093 4389 scienter.
1135 4334 1183 4388 sed
1207 4333 1315 4399 dubito,

140 4442 206 4480 num
226 4439 295 4480 noce
316 4423 473 4494 ‘acceptus’
498 4420 534 4475 ad
557 4437 669 4476 carmen
692 4421 800 4479 deflexa
817 4422 919 4480 iterum
942 4421 1010 4479 eddi
1032 4423 1158 4494 potuerIt
1177 4423 1314 4495 ‘gratus’3
