2940 4912
536 326 667 385 nxvlnb
685 335 800 386 ec-se.
1188 331 1254 395 515

80 491 155 546 enim
179 492 249 546 certi
278 491 428 561 quicquam
452 493 487 547 de
510 490 663 546 Heliodoro
687 489 849 559 Protesilai,
876 490 1007 545 carminis
1030 489 1116 561 epici,
1140 493 1254 547 auctore

79 579 182 636 scimus
201 581 247 648 (cf.
267 580 400 636 Meinskii
418 581 499 636 Anal.
518 581 598 636 Alex.
618 600 645 651 p.
665 582 738 648 884).
771 579 796 633 si
815 579 918 634 uellem
937 577 1087 646 hariolari,
1106 580 1253 634 conclude-

80 689 138 725 rem
157 671 212 725 ita:
236 670 362 725 Veronae
386 670 445 737 (ubi
469 661 581 725 carmen
604 667 735 723 Lll'flllb
759 668 894 738 scriptum
918 684 977 723 esse
999 668 1073 723 infra
1096 669 1254 737 ostendam)

79 776 162 813 uuam
182 759 325 828 capsulam
346 759 457 814 Catullo
476 759 613 826 adfuisse,
633 759 823 813 continentem
842 757 923 811 illam
943 757 1109 812 Callimachi
1129 756 1255 812 carmina

80 850 124 916 (cf.
143 849 180 904 ad
201 848 407 917 va111·se);
432 847 515 902 huius
538 847 627 918 igitur
649 846 774 917 epyllion
793 847 947 916 quoddam,
970 846 1089 902 fortasse
1111 846 1141 900 in
1161 846 1254 901 Aetio·

79 957 139 993 rum
158 937 239 993 libris
258 941 369 1005 extans,
388 936 531 992 acatullo
546 952 707 1006 expressum
722 952 791 990 esse.
820 936 869 989 sed
888 936 1015 1004 praestat
1028 937 1148 1004 ingenue
1163 935 1254 1000 fateri,

80 1044 139 1081 esse
158 1027 255 1095 aliqua
273 1042 345 1094 quae
364 1024 532 1094 ignoremus.
562 1041 613 1079 nec
632 1023 771 1093 quomodo
789 1022 908 1077 Laeuius
926 1024 955 1077 in
974 1024 1096 1078 carmine
1112 1041 1161 1079 suo
1177 1024 1254 1077 ‘Pro—

79 1116 287 1171 tesilaodamia’
308 1114 443 1183 inscripto
462 1113 611 1169 historiam
630 1111 814 1183 pertexuerit,
834 1129 867 1165 ex
886 1113 983 1180 paucis
996 1112 1162 1183 fragmentis
1176 1115 1254 1183 (post

79 1203 207 1260 Muelleri
225 1203 367 1259 Catullum
385 1222 412 1272 p.
432 1208 465 1258 81
481 1206 532 1272 sq.)
552 1202 682 1272 persequi
702 1202 778 1256 licet.
794 1232 826 1240 —
846 1201 896 1272 115,
915 1201 963 1258 86.
983 1201 1105 1271 inceptu
1123 1202 1253 1272 frustra,

79 1293 210 1348 nondum
229 1308 295 1348 cum
315 1294 461 1361 sanguine
481 1307 568 1348 sacro
583 1292 684 1346 hostie
699 1291 846 1346 caelestes
861 1290 1053 1359 pacificasset
1067 1305 1147 1347 eros.
1176 1290 1254 1346 Italis

79 1383 240 1437 auctoribus
258 1383 344 1451 uulgo
365 1382 529 1450 ‘inceptam’
550 1382 661 1451 legunt,
681 1381 855 1435 accersentes
875 1381 956 1436 Hom.
976 1380 1049 1434 11.11
1068 1386 1119 1435 688
1138 1382 1194 1434 τῶν
1214 1372 1253 1434 αὖ

81 1473 275 1540 Πρωτεσίλαος
293 1466 392 1538 ἀρήιος
411 1467 588 1539 ἡγεμόνευεν
608 1466 677 1535 ζωὸς
697 1463 760 1526 ἐών,
798 1465 861 1523 τότε
880 1465 909 1523 d'
929 1466 984 1538 ἤδη
1010 1468 1074 1539 ἔχεν
1093 1466 1165 1524 κατὰ
1186 1476 1253 1538 γαΐα

80 1559 206 1630 μέλαινα.
244 1560 294 1614 τοῦ
318 1557 350 1614 δὲ
374 1559 423 1613 καλ
446 1554 633 1628 ἀμφιδρυφὴς
657 1555 757 1628 ἄλοχος
780 1556 896 1629 Φυλάκῃ
926 1555 1066 1614 ἐλέλειπτο
1094 1559 1142 1612 καὶ
1166 1555 1255 1628 δόμος

80 1645 217 1719 ἡμιτελής.
255 1665 326 1717 quae
345 1647 400 1702 etsi
418 1649 475 1702 iam
494 1651 604 1703 ueteres
624 1648 709 1702 etiam
728 1647 812 1702 aliter
830 1648 1001 1717 acceperunt
1024 1647 1059 1701 de
1084 1648 1168 1702 domo
1186 1665 1255 1703 non-

80 1740 144 1793 dum
164 1738 260 1793 liberis
279 1737 352 1791 fulta
371 1737 416 1807 (cf.
437 1737 498 1791 Val.
519 1738 610 1791 Flacc.
630 1737 668 1790 Vl
687 1741 740 1791 688
765 1742 790 1790 ct
810 1738 904 1805 primo
926 1738 1021 1790 domae
1033 1737 1190 1806 inperfecto
1208 1754 1256 1791 cu-

64 1822 142 1895 tili,
161 1826 308 1881 Turnebus
326 1827 389 1879 adn.
409 1826 474 1880 XXI
495 1832 526 1880 17
546 1829 576 1881 ct
593 1826 683 1880 XXIX
702 1829 761 1893 85),
785 1824 857 1879 nihil
880 1828 974 1880 tamen
994 1827 1090 1880 obstat
1107 1824 1256 1893 quominus

79 1934 229 1987 sequamur
248 1915 428 1970 scholiastom
448 1916 518 1970 haec
537 1916 573 1971 ad
592 1917 622 1970 Π.
639 1915 664 1968 ll
681 1921 730 1969 701
746 1915 928 1969 adnotantem
948 1908 967 1982 ἢ
985 1909 1158 1977 districtor.
1187 1912 1257 1977 ἔθος

79 2003 131 2074 γὰρ
157 1997 193 2074 ἦν
218 2013 275 2067 τοῖς
298 2002 404 2075 γήμασι
427 2003 560 2075 θάλαμον
588 2004 812 2073 οἰκοδομεῖσθαι.
855 1999 901 2057 διὸ
925 2000 955 2057 ολ
975 2006 1076 2059 πολλοί
1100 2023 1189 2072 φασιν
1213 1999 1257 2058 ὅτι

80 2093 237 2163 οἰκοδομῶν
261 2093 395 2163 θάλαμον
420 2091 511 2168 ἕανοῷ
535 2091 550 2148 ὁ
572 2095 766 2162 Πρωτεσίλαος
789 2087 967 2147 ἀπέπλευσεν
992 2088 1039 2147 dut
1063 2091 1113 2148 τὸν
1132 2090 1256 2162 πόλεμον

80 2183 123 2250 (cf.
143 2186 173 2238 et
191 2182 302 2238 Lucian.
319 2184 421 2252 catcpl.
437 2188 452 2248 ἕ
468 2186 502 2252 8).
533 2183 608 2252 quod
628 2183 651 2237 si
671 2182 762 2237 uoluit
780 2182 904 2236 indicare
922 2181 1064 2249 Catullus,
1083 2183 1180 2252 utique
1199 2201 1255 2238 non

80 2273 199 2328 scribere
222 2274 316 2343 potuit
340 2273 456 2327 ‘frustra
480 2272 646 2342 inceptam’,
669 2272 719 2326 sed
743 2271 801 2326 fere
831 2271 996 2341 ‘perfectam
1027 2271 1177 2338 nondum‘;
1203 2289 1256 2327 nec

79 2363 152 2417 enim
172 2363 272 2416 domus
291 2365 440 2432 propterea
458 2362 561 2416 frustra
575 2364 677 2431 coepta
691 2364 753 2416 erat
767 2361 925 2429 aedificari,
944 2360 1017 2429 quod
1037 2361 1063 2415 ei
1082 2361 1255 2430 inperfectae

79 2451 194 2506 deorum
213 2450 343 2505 uoluntas
363 2467 502 2520 propensa
519 2451 643 2506 nondum
664 2452 725 2505 crat
744 2450 831 2505 sacris
845 2448 1004 2504 conciliata
1033 2449 1137 2504 rectius
1152 2450 1254 2504 Froch·

78 2539 178 2594 lichius
199 2539 335 2608 ‘incepto’
357 2558 420 2593 com
440 2540 557 2594 ‘amore’
574 2540 746 2609 iungendum
766 2539 857 2607 dedit,
878 2539 995 2593 fortasse
1011 2538 1161 2608 respiciens
1177 2537 1254 2593 cirin

80 2633 129 2683 888
148 2644 206 2682 noa
224 2644 271 2699 epo
288 2635 314 2682 tc
336 2631 444 2696 incepto
461 2630 534 2696 (ficri
551 2631 624 2698 qaod
643 2647 699 2683 uon
722 2635 798 2697 pote)
821 2644 904 2682 conor
926 2630 1028 2696 {lecim
1047 2644 1150 2694 amore,
1171 2629 1254 2698 Verg.

79 2719 145 2770 Aen.
167 2717 204 2771 lV
224 2723 276 2771 816
292 2734 344 2784 per
362 2718 483 2785 inceptos
502 2719 675 2789 hymenaeos:
705 2717 831 2785 coniugis
850 2731 973 2771 amorem
992 2716 1096 2770 frustra
1114 2715 1256 2770 inhiberet

79 2794 184 2860 misere
197 2806 300 2874 puella.
338 2823 505 2875 quamquem
531 2823 583 2861 nec
608 2806 741 2861 abhorret
763 2790 848 2875 plane
872 2824 889 2860 a
912 2805 1067 2871 latinitate,
1090 2805 1114 2859 si
1133 2805 1254 2874 explica·

79 2912 139 2948 mus
150 2895 212 2964 ‘per
225 2896 367 2965 inceptum
384 2914 486 2950 uenum
502 2897 614 2950 domum
630 2897 749 2950 uenerat
762 2894 856 2949 mariti
870 2911 988 2963 cumque
1003 2893 1122 2949 retinere
1133 2894 1251 2948 studuit’

80 2983 124 3051 (cl.
148 2984 313 3039 Kuehnerns
336 3003 376 3054 gr.
401 2986 419 3038 l.
443 2984 468 3037 Il
491 3004 517 3056 p.
539 2991 608 3053 165).
651 2990 683 3039 ut
706 2987 801 3039 autem
825 2984 920 3040 omnia
944 2985 979 3038 ad
1006 2985 1120 3038 deorum
1146 2985 1252 3038 cultum

79 3072 249 3140 pertinentia
268 3077 332 3127 sunt
353 3073 464 3140 ‘sucra',
489 3073 530 3127 ita
549 3073 705 3128 hostiarum
724 3090 834 3142 qnoque
858 3072 1056 3128 inmolatamm
1076 3073 1202 3143 sanguis,
1221 3074 1255 3127 ut

79 3157 178 3215 Auian.
194 3161 249 3215 fab.
265 3168 308 3228 48,
327 3169 358 3216 18
377 3180 486 3216 sucrum
505 3165 581 3217 diuis
598 3165 705 3230 (redisse
718 3181 848 3218 cruorem.
877 3164 1012 3218 caelestes
1032 3165 1127 3217 autem
1146 3162 1253 3216 domini

79 3250 123 3317 (cf.
143 3250 180 3304 ad
200 3249 287 3303 LXlll
307 3255 366 3320 98),
386 3251 434 3320 qui
454 3253 639 3321 pacificantur
663 3253 723 3307 siue
746 3253 861 3324 propitii
885 3253 1039 3307 redduntur
1058 3252 1253 3308 conciliantur·

79 3354 131 3406 que
155 3340 237 3406 (bene
261 3339 379 3410 Vulpius
405 3358 447 3410 cp.
468 3340 551 3411 Verg.
573 3344 640 3395 Aen.
661 3343 698 3396 IV
723 3348 756 3396 56
775 3359 923 3412 pacemque
943 3359 993 3410 per
1016 3359 1082 3396 urus
1105 3344 1254 3411 quscirrmt

79 3431 107 3481 et
125 3426 175 3481 Sil.
195 3427 258 3483 Ital.
278 3429 328 3482 XV
348 3435 400 3483 484
416 3430 571 3498 pacificans
589 3432 681 3497 ιλίιιοες
702 3430 774 3484 adde
788 3429 879 3486 Plant.
896 3431 979 3485 Poen.
1000 3430 1011 3482 I
1030 3437 1056 3497 8,
1075 3436 1109 3484 48
1129 3449 1198 3500 quoe
1216 3433 1254 3485 ort

77 3517 155 3570 dcam
175 3534 272 3586 pacem
295 3525 398 3587 oportet
423 3521 525 3587 adesse,
555 3520 632 3573 Gret.
657 3518 759 3588 Cyneg.
785 3526 836 3573 481
859 3519 1003 3588 (Vulcani)
1024 3536 1172 3588 pacemque
1191 3536 1253 3590 pre·

79 3623 183 3673 camur,
198 3606 400 3663 Buechelerum
415 3626 483 3664 mus.
500 3609 587 3663 Rhen.
603 3614 636 3662 36
651 3627 678 3677 p.
694 3612 766 3677 840),
786 3609 832 3663 hio
846 3608 875 3662 in
889 3608 1050 3661 uniuersum
1065 3609 1252 3677 appellantur,

79 3696 130 3749 etsi
157 3712 224 3766 pras
250 3697 350 3751 ceteris
376 3697 570 3766 significantur
590 3697 683 3753 Venus
709 3699 739 3751 ct
762 3698 830 3752 luno
854 3697 995 3766 ceterique
1022 3697 1089 3750 θεολ
1112 3695 1252 3766 γαμήλιον,

79 3782 178 3851 quibus
196 3785 277 3840 uaria
294 3785 399 3840 fiebant
417 3805 435 3841 a
454 3787 533 3841 nouis
551 3788 644 3856 nuptis
662 3803 741 3841 sacra
755 3785 916 3855 sollemnia,
936 3787 970 3841 de
986 3786 1088 3854 quibus
1103 3787 1138 3841 cf.
1154 3804 1195 3842 ex.
1210 3806 1251 3857 gr.

79 3871 259 3928 Ruhnkenius
283 3877 318 3928 ad
344 3876 414 3931 Tim.
440 3893 460 3930 s.
480 3894 507 3930 u.
530 3875 687 3944 προτέλεια.
715 3909 743 3915 -
769 3875 818 3947 117,
837 3874 885 3929 38.
910 3875 955 3929 1111
979 3875 1053 3929 mihi
1078 3875 1140 3929 tam
1163 3875 1252 3930 ualde

77 3961 212 4034 placeat,
241 3964 426 4019 Rhamnusia
448 3965 553 4037 uirgo,
583 3966 662 4033 quod
689 3966 803 4020 temere
828 3964 935 4020 lnultfs
963 3964 1150 4033 suscipiatur
1177 3964 1251 4019 erle.

78 4050 139 4106 Seu.
155 4053 190 4106 de
205 4051 287 4108 clem.
302 4054 313 4105 l
330 4061 343 4107 1
363 4072 412 4109 nec
426 4060 465 4109 est
483 4057 636 4124 quicquum,
654 4057 700 4109 cui
719 4061 774 4108 tam
792 4056 874 4109 ualde
893 4055 1116 4108 innocentiorem
1132 4054 1251 4122 placeat,

77 4146 107 4195 ut
124 4157 181 4196 noa
200 4183 224 4197 ..
243 4143 378 4213 quadrat,
397 4143 508 4199 Pstron.
531 4150 580 4197 186
599 4144 677 4209 nolo,
694 4145 799 4213 inquit,
818 4144 870 4197 titi
888 4149 944 4197 tum
963 4144 1045 4197 ualde
1060 4143 1187 4211 placeas:
1208 4142 1249 4196 in-

77 4234 120 4284 est
142 4231 219 4286 notio
238 4233 375 4301 superbae
394 4233 557 4299 iactantiae,
578 4231 612 4286 cf.
637 4230 747 4286 Ruhnk.
772 4233 807 4286 od
833 4232 903 4286 Vell.
930 4232 988 4284 Put.
1012 4231 1036 4284 ll
1062 4236 1127 4298 118,
1151 4238 1175 4285 8.
1215 4232 1250 4285 (1ο

77 4319 249 4374 Rhamnusia
272 4318 330 4374 dixi
354 4321 389 4376 ad
413 4320 499 4374 LXVI
519 4328 560 4376 71.
600 4321 681 4390 Verg.
703 4321 769 4375 Aen.
789 4320 813 4374 ll
837 4326 888 4373 408
912 4321 964 4374 heu
986 4322 1058 4374 ailril
1081 4321 1181 4375 inuitis
1203 4321 1252 4388 sue

75 4424 234 4477 quemquem
253 4411 335 4476 fidere
353 4411 442 4476 diuis,
460 4409 543 4479 plura
562 4411 597 4465 ud
618 4409 729 4464 LXXVI
752 4417 791 4465 18.
823 4410 961 4478 ‘tomere’,
981 4409 1082 4465 leuiter
1101 4413 1251 4480 spretaque

983 4498 1040 4554 83*
