2940 4912
199 280 265 346 354
673 277 761 333 nrm
781 282 894 333 u-rc.

200 440 354 506 ‘iamiam’,
378 439 435 494 iarn
458 438 598 508 profecto,
624 439 657 492 ut
681 437 748 493 Sall.
774 439 833 507 lug.
855 443 901 505 14,
920 442 968 505 22,
994 435 1048 492 Cic
1069 435 1299 505 Verr.180,l’l
1324 437 1372 505 (ef.

198 528 326 584 Handiua
343 529 423 584 Tura.
443 528 482 582 111
501 547 528 598 p.
549 531 600 582 lbt
615 529 700 597 eqq.);
726 526 920 596 ‘iamiamque’
946 527 1041 581 autern
1060 526 1155 596 potius
1172 541 1224 595 pro
1243 525 1286 581 ‘et
1302 523 1373 582 iam·

199 618 267 673 iam'
288 618 383 688 accipe
402 617 511 686 (eadem
536 611 601 671 cuni
624 616 716 686 priore
735 614 949 686 significatione)
972 631 1057 684 quam
1079 631 1130 684 pro
1152 617 1221 670 nota
1242 614 1373 683 formula,

200 722 270 775 quae
289 706 319 760 in
338 723 368 761 re
386 722 475 776 paene
493 706 550 760 iam
570 705 699 760 confecta
720 704 880 760 adhibetur.
916 703 954 759 ad
974 703 1077 758 ‘dolet'
1098 704 1196 774 supple
1216 702 1322 773 ‘mihi',
1341 709 1374 759 ut

199 795 255 852 cie.
270 813 296 865 p.
312 796 386 854 GaeL
401 800 417 862 ᾖ
431 800 465 850 at
480 796 533 851 uti
546 795 653 863 dolebit,
666 811 724 850 pou
736 795 816 860 mihi3
831 796 980 864 potestque
995 793 1082 862 ‘quod
1096 793 1153 863 egi’
1169 796 1202 848 ut
1214 792 1372 849 subiectum

199 885 284 941 etiarn
299 885 388 955 prisce
403 884 535 940 accedere
549 884 586 939 ad
601 883 761 954 ‘paenitet’,
776 886 809 938 ut
818 883 909 937 Plaut.
920 881 1030 937 Stichi
1046 887 1070 950 1,
1085 887 1120 936 50
1132 899 1174 937 me
1185 884 1294 952 quidem
1307 883 1374 940 bueo

199 975 323 1031 amicto
341 990 416 1029 aureo
433 989 491 1029 nora
504 974 635 1043 paenitet.
671 972 734 1027 uoci
747 971 853 1026 Attidis
872 987 938 1042 prae
958 971 1054 1026 dolore
1072 970 1210 1040 paulatim
1229 971 1373 1026 deficienti

199 1062 397 1133 exprimendae
415 1059 544 1131 inprimis
563 1063 645 1131 aptae
664 1063 708 1116 est
725 1060 835 1116 iambus
853 1060 1043 1129 paenultimua
1055 1061 1191 1114 seruatus.
1205 1090 1240 1100 -
1260 1059 1308 1132 tl,
1324 1060 1373 1116 lb.

198 1151 296 1208 roseis
314 1151 350 1206 ut
367 1150 439 1206 hlnc
457 1149 582 1206 labellis
601 1149 719 1206 sonitus
742 1149 820 1206 adiit
838 1149 971 1216 gemlnas
990 1149 1115 1205 deorum
1132 1148 1171 1204 ad
1188 1149 1274 1204 auris
1291 1163 1373 1205 noua

197 1241 305 1297 nuntia
327 1241 477 1296 reterens.
515 1235 651 1295 ‘roseus'
665 1255 776 1308 semper
795 1237 922 1294 declarat
944 1241 1062 1308 uegetae
1085 1236 1216 1292 iuuentae
1240 1236 1372 1308 splendo-

197 1346 256 1384 rem
275 1330 305 1383 in
323 1328 435 1384 leminis
453 1328 588 1383 maxime:
614 1330 694 1382 tener
712 1343 762 1397 per
781 1343 810 1382 ee
829 1325 954 1396 ephebus
972 1326 1049 1382 Attis
1068 1326 1124 1382 ianr
1143 1325 1263 1396 uirginis
1281 1326 1372 1382 instar

197 1418 323 1486 uidetur3
347 1417 381 1472 ct.
401 1418 437 1471 ad
456 1416 530 1472 XLV
551 1422 598 1482 12,
616 1417 703 1473 Antb.
719 1417 767 1471 lat
789 1423 849 1485 114,
868 1421 883 1469 'l
904 1415 999 1487 [PLM.
1015 1414 1053 1468 1v
1072 1433 1099 1485 p.
1116 1414 1180 1487 104]
1199 1432 1277 1472 reeca
1295 1417 1372 1471 labia

197 1507 335 1572 uellicerrt,
354 1504 436 1561 Ouid.
452 1522 507 1561 am.
521 1505 561 1560 111
581 1511 624 1574 13,
643 1510 677 1560 23
694 1506 843 1575 purpureis
861 1505 980 1572 tabellio,
999 1503 1371 1561 Simonideefr.1198cbn.

198 1593 361 1665 πορφυρέου
381 1590 439 1650 ἀπὸ
460 1591 598 1665 πόματος
616 1590 691 1648 telae
711 1590 811 1662 φωνὰν
830 1591 985 1662 παρθένος.
1014 1609 1078 1648 eum
1095 1593 1277 1663 desideretur,
1295 1595 1371 1649 unde

197 1685 320 1755 pendeat
337 1684 383 1739 hie
401 1683 556 1749 ablatiuus,
579 1683 637 1738 iarn
661 1682 729 1737 olim
752 1681 818 1737 Itali
842 1697 986 1737 correxere
1006 1681 1121 1750 ‘abiit',
1145 1683 1219 1751 quod
1243 1683 1371 1754 plerique

197 1790 327 1844 recepere
346 1772 486 1828 recordati
504 1771 683 1826 Homericum
702 1768 794 1841 φύγεν
814 1770 895 1839 ἕρκος
914 1767 1047 1826 ὀδόντων.
1085 1771 1135 1826 sed
1152 1771 1299 1828 latendum
1317 1777 1370 1842 est,

197 1865 293 1919 deesse
316 1863 399 1917 huius
422 1879 488 1917 usur
512 1861 591 1917 uerbi
611 1860 712 1916 ‘abire’
738 1864 816 1916 certa
834 1859 963 1937 exempla
988 1859 1065 1931 apud
1082 1859 1237 1930 Romanos,
1256 1863 1306 1932 qui
1324 1879 1371 1919 ex·

196 1953 280 2007 eundi
304 1952 441 2007 uocabulo
464 1951 559 2021 potius
582 1949 612 2004 in
635 1951 688 2004 hac
712 1967 741 2003 re
764 1952 888 2004 utuntur.
925 1952 1023 2004 eontra
1046 1949 1191 2020 egregium
1209 1951 1369 2021 exemplum

197 2043 232 2096 ad
251 2040 450 2110 explicandum
473 2039 608 2094 traditum
628 2038 731 2093 ‘adiit'
756 2039 874 2108 praebet
892 2037 941 2092 Sil.
961 2039 1023 2093 ltal.
1043 2037 1081 2092 Vl
1099 2043 1152 2093 252
1175 2055 1306 2111 uocesque
1328 2059 1369 2097 re·

195 2135 274 2199 perte
287 2130 421 2200 profusae
439 2129 574 2184 adterat
596 2128 689 2183 adiere
706 2128 806 2183 demea
842 2127 955 2195 iamque
979 2128 1110 2196 apparet,
1129 2128 1259 2183 uoculam
1277 2128 1369 2198 illam,

195 2236 281 2288 quam
303 2219 332 2272 in
355 2234 437 2272 uersu
460 2216 553 2286 priore
572 2216 693 2271 metrum
718 2215 785 2270 addi
803 2215 934 2284 requirit,
959 2216 1001 2270 ita
1024 2231 1086 2271 esre
1104 2214 1319 2286 anquirendum,
1338 2221 1371 2273 ut

197 2306 340 2364 ‘labellis’
370 2324 449 2361 suam
477 2305 597 2376 recipiat
623 2305 859 2360 constructionem
891 2305 975 2372 (unde
1008 2305 1185 2361 coniecturae
1217 2305 1371 2362 concidunt

196 2396 306 2453 Bentlei
328 2396 447 2451 ‘sonitus
473 2395 567 2464 citus',
590 2392 749 2449 Ahlwardti
772 2393 892 2449 ‘sonitus
915 2395 1027 2465 uagus’‚
1050 2393 1225 2450 Lachmanni
1249 2395 1369 2451 ‘conitus

195 2486 267 2542 abiit
289 2485 386 2553 eeler’,
410 2485 466 2540 mei
488 2485 577 2555 ipsius
600 2484 718 2539 ‘conitus
743 2501 857 2553 gemens
880 2483 991 2553 abeit’).
1028 2484 1128 2553 quodsi
1151 2481 1209 2538 iam
1232 2483 1369 2540 intentius

195 2574 358 2646 inspicimus
377 2573 507 2627 uooulam
527 2573 669 2640 ‘sonitus’‚
688 2573 757 2627 haee
776 2574 849 2641 ipsa,
868 2575 1020 2643 propterea
1038 2573 1113 2641 quod
1131 2589 1188 2628 non
1206 2574 1265 2628 tam
1285 2591 1371 2631 eonor

195 2679 284 2732 uagus
308 2659 543 2730 indistinctusque
567 2664 662 2730 (quern
679 2658 802 2715 denotat
825 2659 969 2728 ‘sonitus')
993 2677 1078 2728 quam
1103 2662 1195 2716 certus
1219 2661 1369 2731 claraeque

195 2755 288 2822 (quem
312 2750 420 2805 indicat
443 2749 549 2804 ‘sonus’
575 2765 658 2818 saepe
684 2765 782 2803 uocem
805 2749 958 2803 humanam
981 2749 1142 2819 designans)
1166 2749 1213 2804 hic
1231 2751 1266 2804 ad
1285 2767 1369 2807 aures

195 2838 312 2911 Cybeles
334 2838 495 2908 peruenisse
519 2840 561 2892 est
583 2837 731 2904 dicendus,
754 2837 787 2890 fit
810 2843 942 2907 suspecta
965 2841 1139 2908 apparetque
1166 2839 1278 2895 bonitas
1303 2857 1369 2895 con·

194 2930 317 2985 iacturae
331 2927 562 2982 Froehliehianae
578 2927 674 2981 ‘sonus
693 2925 808 2993 editns',
828 2942 900 2994 quae
919 2927 1048 2981 omnibus
1067 2926 1282 2984 difficultatibus
1300 2945 1369 2985 uere

195 3018 329 3072 medetur.
366 3033 417 3086 pro
437 3015 536 3082 ‘hine‘,
556 3015 630 3085 quod
648 3014 728 3068 nihili
753 3016 808 3082 est,
834 3012 898 3069 Itali
921 3015 1025 3085 partim
1049 3015 1148 3085 ‘huie’,
1171 3017 1275 3086 partim
1295 3018 1366 3074 ‘hic’

195 3107 377 3176 scripserunt:
406 3107 553 3172 utrumque
582 3104 636 3157 etsi
659 3104 762 3157 bonum
786 3108 841 3170 est,
869 3107 965 3159 tamen
992 3106 1046 3160 hoc
1073 3104 1191 3160 fortasse
1218 3109 1369 3176 propterea

194 3194 416 3266 praeterendum,
434 3191 614 3260 quodminus
629 3195 728 3271 onerat
742 3191 978 3248 constructionem
998 3192 1067 3262 (‘hie
1081 3194 1176 3249 ronua’
1192 3195 1367 3264 iungendum

194 3282 425 3351 referendumque
444 3280 565 3336 maxime
584 3280 620 3335 ad
638 3283 780 3350 postrema
798 3281 901 3336 auidis
921 3283 1025 3352 uerba).
1055 3282 1103 3338 sed
1123 3282 1275 3338 maioribus
1294 3283 1368 3339 diffi-

194 3372 347 3427 cultatibus
371 3369 516 3440 inplicitus
538 3386 635 3426 nereus
659 3371 737 3425 alter.
776 3371 945 3425 locutionem
965 3371 1106 3440 ‘geminae
1124 3371 1217 3428 aures’
1237 3372 1293 3428 etsi
1311 3373 1367 3430 ao-

194 3460 271 3517 mani
290 3464 333 3532 (ut
351 3459 451 3515 Graeci
470 3454 653 3529 ἄμφιὸὐμοος
672 3454 772 3528 ἀκοάς)
791 3476 847 3513 non
866 3459 1043 3528 refugiebant
1061 3459 1181 3515 testibus
1199 3458 1295 3516 Culiee
1316 3469 1368 3518 1⁶0

193 3553 314 3622 paeninae
330 3551 427 3605 auium
440 3566 496 3604 uox
511 3549 639 3618 obstrepit
653 3565 734 3603 auree
749 3553 777 3603 et
791 3547 883 3602 Statio
898 3546 961 3603 silu.
973 3547 1009 3602 1v
1020 3554 1045 3618 4,
1061 3555 1095 3605 26
1109 3551 1173 3605 iude
1187 3567 1271 3607 toruo
1282 3554 1367 3622 perri·

193 3658 246 3698 noe
263 3642 331 3695 milri
345 3639 444 3695 circuit
458 3654 538 3692 aures
553 3639 628 3705 (Ter.
642 3637 741 3692 Heaut.
758 3637 782 3690 Il
799 3643 823 3704 3,
840 3643 903 3704 101;
923 3637 970 3691 sed
987 3636 1067 3692 Ouid.
1082 3641 1147 3694 met
1163 3638 1187 3692 X
1205 3645 1255 3695 116
1274 3640 1316 3695 nil
1330 3642 1366 3696 ad

193 3731 273 3798 rem),
283 3733 379 3783 tamen
389 3726 561 3782 adhibebant
574 3726 603 3780 in
618 3726 684 3782 forti
697 3726 913 3793 uehementique
928 3726 1021 3781 souitu
1036 3726 1121 3783 nimie
1131 3743 1212 3783 aures
1226 3728 1366 3799 inplente=

193 3819 239 3874 hic
258 3817 316 3873 tale
335 3816 482 3887 epitheton
500 3814 636 3868 absonum
655 3814 796 3869 uidebitur
819 3814 985 3883 simpliciter
1003 3815 1206 3882 iudicantibus,
1224 3832 1289 3873 eum
1309 3836 1368 3874 non

193 3909 298 3964 luerint
317 3905 423 3961 Attidis
442 3904 586 3973 querentis
606 3919 689 3958 uocea
708 3903 808 3957 molles
826 3907 885 3958 tam
904 3905 1003 3958 aenae
1022 3904 1241 3975 stridentesque,
1260 3907 1293 3961 ut
1310 3906 1366 3963 tin·

193 3998 335 4053 tinnantes
361 3995 486 4050 facerent
513 4010 593 4048 auree
620 3996 685 4061 (non
711 3992 775 4048 dico
800 3993 928 4059 deorum,
956 4009 1021 4046 nam
1048 3991 1077 4047 iu
1103 3993 1156 4049 hae
1182 3994 1366 4052 multitudine

193 4084 321 4155 geminae
341 4101 422 4140 aures
440 4083 525 4151 plane
544 4082 680 4137 ridiculae
694 4086 771 4150 sunt,
791 4081 850 4148 sed)
871 4081 973 4135 Rheae.
1003 4098 1092 4150 neque
1111 4083 1209 4152 uideo,
1228 4100 1285 4155 quo
1303 4085 1366 4142 iura

193 4171 366 4226 Lbluellerus
384 4172 520 4226 formulae
539 4172 626 4227 instar
644 4171 715 4226 illud
734 4172 818 4242 ‘gem
839 4171 930 4225 aures’
951 4187 1012 4226 ease
1031 4172 1193 4227 contendat
1220 4190 1287 4229 narn
1305 4191 1364 4232 non

194 4260 284 4314 miuus
310 4262 435 4329 ineptum
461 4264 505 4314 eat
529 4261 647 4314 altorum
675 4262 742 4330 hoc,
766 4260 842 4328 quod
867 4275 952 4313 uoces
976 4259 1081 4314 Attidis
1107 4261 1237 4316 dicuutur
1259 4261 1366 4322 adiim

192 4347 309 4402 deorum
335 4365 425 4404 aures.
469 4353 574 4404 rectum
600 4349 629 4404 id
655 4354 740 4419 esset,
768 4349 790 4401 si
820 4349 879 4403 deis
904 4349 1034 4403 miseram
1062 4351 1166 4404 sortem
1193 4355 1365 4424 oonqautru
