2940 4912
182 315 260 381 ’336
686 316 774 371 111111
794 321 877 370 1-3..

193 476 317 531 marinus
327 494 390 531 cum
400 476 469 532 alibi
483 480 542 531 tum
553 477 583 531 iu
593 495 619 533 u.
632 484 646 532 7
664 476 839 545 conspicuus,
848 475 898 545 qui
912 474 996 530 facile
1007 474 1140 544 profluxit
1149 491 1182 530 ex
1191 476 1303 531 dicendi
1313 478 1368 531 lor-

194 565 277 620 mulis
295 565 389 620 studio
409 565 611 635 exemplarium
631 564 883 620 Alexandrinorum
902 563 931 617 in
948 563 1048 632 poesin
1065 563 1221 619 1161666616
1240 565 1368 635 receptis.

194 657 292 709 contra
310 654 385 708 haud
403 671 496 724 pauca
509 655 582 710 adeo
596 655 721 711 referunt
734 655 875 710 Romanas
894 651 1085 730 institutiones
1106 653 1283 722 (praesertim
1301 653 1370 708 iuris

193 743 315 812 priuati),
330 745 363 798 ut
375 745 489 812 poetam
503 743 538 798 de
552 762 604 799 suo
618 744 742 799 hausisse
756 745 787 798 16
801 743 918 813 singulis
928 741 1070 813 plerisque
1080 741 1197 798 eluceat.
1226 742 1369 798 difficilius

193 833 237 886 est
251 831 375 886 iudicare
388 832 423 887 de
437 834 525 889 totius
541 833 672 889 carminis
683 832 799 888 consilio
810 836 838 888 et
848 831 1064 902 compositione3
1079 849 1135 901 qua
1145 830 1215 886 inre
1226 830 1369 886 Catullum

192 919 222 975 in
237 920 397 975 uniuersum
407 924 534 976 secutum
545 937 604 976 esse
615 921 675 976 siue
684 921 862 991 Sepphouem
873 922 933 976 siue
943 937 1147 991 quemcumque
1157 919 1243 974 alium
1254 923 1371 989 poetam

193 1007 330 1064 Graecum
355 1025 412 1063 non
430 1010 471 1065 ita
489 1010 623 1065 abhorret
641 1027 659 1064 a
675 1009 876 1080 probabilitate
895 1008 1093 1078 lnbentinsque
1112 1009 1241 1064 concedo.
1278 1024 1371 1078 neque

194 1097 269 1151 enim
283 1098 320 1152 ad
333 1115 464 1153 aerarum
477 1098 640 1167 nuptiarum
652 1114 734 1152 usum
748 1097 934 1168 compositum
948 1101 991 1153 est
1000 1098 1053 1153 hcc
1062 1113 1162 1167 poema
1171 1099 1214 1165 (ut
1224 1096 1306 1166 LXI),
1320 1098 1370 1152 sed

193 1187 280 1242 libera
295 1187 445 1242 6661161616
460 1189 489 1241 61
503 1189 643 1241 certorum
657 1187 800 1242 neminum
816 1185 1015 1254 hominumque
1030 1188 1167 1256 apparatu
1183 1184 1258 1240 omni
1273 1201 1370 1240 carens

112 1300 115 1307 =
194 1292 213 1330 a
226 1292 344 1331 scaenae
357 1276 477 1346 agrestis
492 1276 674 1346 simplicitate
688 1274 799 1330 accedit
813 1274 909 1344 aliqua
919 1292 952 1329 er
961 1278 1043 1345 parte
1052 1274 1089 1328 ad
1100 1273 1219 1345 Vergilii
1229 1273 1368 1330 bucolica.

721 1429 844 1487 am

268 1544 295 1598 1.
320 1542 418 1613 Super
439 1543 503 1598 alta
526 1542 950 1599 666166116666161611616
968 1543 1076 1598 maris.
1113 1540 1370 1598 4666661166

197 1633 260 1701 (hae
279 1632 355 1686 enim
373 1632 481 1688 formae
499 1632 529 1687 in
547 1647 674 1686 sermone
694 1629 783 1685 latino
798 1631 875 1686 solae
894 1631 1009 1701 probae)
1029 1631 1076 1685 hic
1095 1647 1150 1686 non
1168 1633 1212 1685 est
1224 1632 1307 1685 notus
1321 1631 1372 1685 ille

196 1737 230 1775 ex
248 1720 351 1775 fabulis
370 1721 457 1775 uariis
475 1719 640 1776 adulescens
655 1737 670 1774 6
686 1720 809 1790 Phrygia
823 1719 989 1788 oribundus,
1008 1736 1091 1789 quem
1107 1718 1210 1790 Cybele
1225 1719 1283 1774 siue
1299 1719 1372 1775 aluit

195 1808 254 1863 sine
274 1809 381 1864 amauit
400 1809 523 1879 (Diodcr.
539 1809 578 1864 111
593 1814 627 1864 66
642 1827 696 1879 sq.‚
716 1809 834 1864 Pausan.
850 1809 902 1863 Vll
918 1815 959 1878 17,
980 1815 1010 1879 6,
1030 1811 1106 1865 Seru.
1122 1808 1241 1865 661166.
1257 1808 1372 1877 111116,

197 1897 277 1952 Ouid.
296 1896 361 1952 fast.
379 1895 419 1951 IV
440 1904 490 1953 116
506 1915 581 1968 sqq.,
600 1897 703 1953 Aruob.
718 1897 758 1952 lX
776 1903 802 1966 6,
820 1897 960 1953 Prellerus
978 1899 1067 1967 myth.
1082 1917 1123 1968 gr.
1141 1896 1155 1949 I
1174 1917 1201 1968 p.
1217 1904 1269 1953 606
1283 1900 1371 1967 sqq.);

196 1986 283 2040 immo
302 1984 379 2040 Attis
398 1985 573 2042 Catulliauus
597 1989 641 2042 est
659 1987 823 2043 adulescens
850 2003 884 2042 ex
907 1987 1062 2059 longinqua
1085 1990 1161 2042 terra
1179 1986 1321 2058 (Graecia,
1340 1993 1373 2042 ut

194 2077 353 2130 monstrant
366 2094 391 2130 6.
408 2081 443 2130 64
457 2080 529 2145 sqq.)
544 2076 580 2132 ad
594 2075 745 2148 Phrygiam
765 2078 836 2132 mari
855 2067 963 2145 uectus,
981 2078 1038 2148 qui,
1057 2078 1150 2133 furore
1165 2075 1297 2146 religioso
1312 2092 1371 2131 cor-

195 2167 290 2235 reptus
316 2180 380 2218 cum
405 2181 466 2221 sese
491 2163 646 2220 addixisset
670 2165 767 2220 Rheae
792 2167 922 2235 seruitio,
948 2168 1040 2223 breuis
1066 2167 1201 2237 temperis
1227 2166 1372 2221 nasaniam

196 2252 283 2323 longa
301 2253 355 2307 luit
373 2252 555 2324 paenitentia.
587 2252 652 2309 huic
670 2254 844 2310 adulescenti
857 2254 965 2311 Graeco
983 2253 1060 2324 quod
1075 2254 1257 2310 nihilominus
1269 2272 1372 2311 nornen

196 2341 318 2397 fabulosi
337 2342 413 2397 illius
432 2341 539 2397 Attidis
558 2343 674 2414 Phrygii
696 2346 741 2398 est
758 2343 879 2398 inditum
897 2361 915 2397 a
933 2342 1060 2412 Catullo,
1084 2343 1150 2399 inde
1169 2343 1277 2415 explico
1297 2344 1372 2413 quod

196 2430 344 2500 archigalli
363 2429 424 2486 siue
443 2431 546 2485 summi
564 2430 663 2486 Matris
684 2431 803 2502 Magnae
824 2432 984 2487 sacerdotes
999 2432 1105 2488 Attidis
1119 2449 1222 2488 nomen
1241 2433 1374 2488 uidentur

196 2519 341 2576 retinuisse
364 2521 394 2575 in
416 2519 527 2588 antiqui
550 2521 620 2576 deae
645 2521 744 2576 amasii
764 2521 940 2576 memoriam:
965 2521 1063 2591 Polyb,
1081 2520 1160 2575 XXII
1179 2527 1228 2588 20,
1247 2527 1263 2576 6
1281 2540 1372 2588 τιαρο-

196 2609 341 2678 γίγνονται
371 2608 474 2664 Γᾶλλοι
502 2607 579 2677 παρὰ
606 2605 727 2672 ’Ἄττιδος
754 2611 803 2665 καὶ
831 2607 992 2677 Bennisoa,
1020 2611 1076 2664 τῶν
1105 2606 1137 2665 ἔτι
1166 2611 1374 2673 Πεσσινοῦντος

197 2695 296 2766 sepias
315 2699 364 2767 τῆς
382 2695 486 2768 μητρὸς
504 2699 560 2752 τῶν
578 2700 672 2768 θεῶν,
691 2699 811 2754 Bekkeri
831 2700 928 2754 anecd.
946 2718 973 2769 p.
993 2706 1060 2769 461,
1080 2705 1112 2754 11
1126 2694 1213 2762 'litata
1231 2695 1374 2769 πρόπολος

196 2788 245 2856 τῆς
264 2783 368 2857 μητρὸς
381 2788 436 2841 τῶν
450 2788 652 2856 6666161166.
668 2806 707 2843 or.
724 2787 789 2858 Vp.
806 2794 856 2843 166
872 2788 929 2859 Sp,
950 2794 998 2842 161
1015 2793 1045 2844 61
1061 2787 1374 2858 161(61.61Ρ16116166

196 2876 214 2930 1.
229 2877 246 2931 1.
263 2896 288 2946 p.
304 2879 374 2945 610).
403 2877 522 2932 fortasse
540 2879 633 2947 poeta,
654 2895 717 2931 cum
731 2877 767 2931 ad
781 2877 875 2933 fratris
890 2878 1029 2932 tumulum
1044 2880 1273 2946 commoraretur,
1287 2879 1374 2933 etiam

196 2981 277 3022 sacra
295 2964 393 3020 matris
413 2966 512 3021 idaeae
537 2966 628 3020 uiscus
648 2965 798 3036 archigalli
821 2966 967 3022 cuiusdam
991 2967 1051 3023 siue
1069 2966 1176 3023 Attidis
1195 2970 1375 3025 contraxerat

197 3055 328 3110 notitiam
347 3036 375 3110 61
393 3072 426 3109 ex
446 3055 505 3109 eius
526 3055 618 3109 uerbis
637 3053 765 3109 tristibus
784 3053 975 3125 intellexerat,
994 3072 1080 3125 quam
1100 3056 1201 3111 intimo
1219 3055 1269 3111 ille
1289 3056 1374 3112 eorde

196 3144 253 3198 iam
277 3144 388 3199 doleret
410 3144 531 3199 intorem
556 3143 624 3199 olim
647 3144 677 3198 in
701 3144 777 3198 dulci
800 3144 916 3201 iuuenta
939 3149 1114 3215 conceptum.
1153 3145 1271 3201 ‘celerei
1294 3145 1372 3200 rate‘

197 3233 242 3301 (61.
263 3232 349 3286 LXIV
364 3240 381 3288 6
400 3235 456 3287 cita
471 3234 639 3303 6116611166
657 3233 770 3301 quidem
789 3232 899 3289 indicat
916 3234 1122 3303 inpatientiam,
1141 3252 1197 3303 qua
1210 3234 1375 3290 adulescens

196 3322 290 3376 tendit
307 3322 344 3375 ad
363 3325 467 3377 terram
487 3325 621 3392 optatam.
651 3323 732 3378 Ouid.
747 3325 814 3378 1661.
829 3322 867 3376 111
880 3329 932 3378 441
951 3326 1058 3392 pariter
1075 3340 1158 3392 super
1176 3339 1295 3393 aequora
1315 3324 1376 3379 1616

196 3413 328 3479 samur,
345 3411 465 3467 Laeuius
485 3415 590 3483 erotop.
610 3412 644 3466 ir.
661 3411 745 3466 1711.
760 3429 920 3481 6616161666
935 3415 1018 3482 posti
1036 3414 1128 3467 muria
1146 3413 1219 3478 6116,
1238 3428 1310 3480 quae
1327 3413 1376 3467 nix

197 3501 313 3555 dubium
336 3504 380 3556 est
402 3502 470 3570 quin
494 3503 528 3556 de
553 3501 679 3572 pluribus
703 3501 827 3557 maribus
851 3502 908 3557 sint
931 3501 1121 3571 intellegenda
1144 3501 1189 3571 (cf.
1215 3519 1237 3558 6.
1257 3502 1316 3572 IV).
1341 3532 1374 3542 —

197 3588 230 3663 e,
250 3591 280 3646 6.
303 3591 470 3660 Phryglum
488 3593 647 3646 61661666
665 3591 760 3647 altato
780 3591 888 3660 cupldc
906 3591 982 3662 peda
1002 3591 1107 3658 tetlglt
1125 3590 1262 3658 adlltque
1281 3603 1376 3661 opaea

198 3679 287 3734 611616
307 3680 449 3736 1661611111
472 3680 541 3735 1666
564 3680 647 3735 deae.
684 3697 803 3750 6166661
823 3683 908 3750 atque
928 3679 1038 3735 foedam
1057 3678 1104 3735 1116
1122 3677 1232 3734 11116111
1250 3678 1376 3734 effudere

197 3769 345 3824 maculam.
382 3770 487 3825 etenim
504 3773 654 3839 peruectus
674 3771 709 3824 ad
728 3774 833 3825 terram
852 3768 1041 3824 desideratam
1060 3768 1136 3824 Attis
1155 3786 1209 3824 666
1228 3769 1326 3823 6161161
1346 3768 1376 3824 16

197 3861 293 3912 monte
312 3859 375 3925 lda,
399 3857 447 3911 ubi
471 3861 532 3912 erat
555 3875 667 3926 nemus,
686 3859 825 3925 constitit,
852 3859 901 3912 sed
921 3858 949 3913 iu
968 3856 1064 3913 litore:
1089 3858 1136 3912 hic
1156 3875 1185 3912 se
1204 3856 1309 3924 euirat,
1328 3859 1376 3912 hic

198 3945 288 3999 socios
303 3946 416 4016 inpellit
430 3950 461 4001 ut
475 3964 569 4002 secum
585 3947 757 4002 contendant
771 3947 807 4001 ad
822 3947 928 4002 Rheam
946 3949 990 4016 (19
1005 3950 1085 4016 sqq),
1100 3946 1167 4002 hinc
1182 3946 1283 4001 deinde
1298 3964 1376 4002 mon·

198 4036 255 4089 tem
280 4053 432 4105 nemusque
456 4035 519 4091 adit
538 4040 583 4103 (³0
598 4041 679 4106 sqq).
717 4037 821 4091 frustra
839 4035 953 4090 Ellisius
977 4034 1059 4104 dicit,
1083 4054 1101 4090 a
1119 4035 1218 4102 Lecto,
1242 4035 1375 4090 16661116

198 4125 338 4178 maritimo
357 4126 406 4179 ubi
432 4125 503 4180 mari
527 4126 708 4180 aduenientes
727 4124 880 4195 Phrygiam
900 4125 1057 4194 tetigerunt
1075 4125 1167 4192 (116111.
1187 4125 1219 4180 11.
1239 4124 1303 4180 XIV
1322 4131 1376 4180 283

198 4215 227 4265 61
241 4213 342 4269 Strabo
357 4233 383 4284 p.
399 4219 470 4282 588),
490 4214 614 4283 incipere
635 4216 724 4270 Idam:
746 4232 844 4269 nemus
859 4214 1014 4284 Phrygium
1033 4217 1171 4268 remotum
1191 4213 1246 4269 sibi
1260 4213 1375 4270 finxisse

198 4302 310 4369 poetam
335 4320 352 4356 a
374 4302 470 4372 litore,
497 4307 578 4374 putet
595 4321 629 4358 ex
648 4311 697 4372 41,
717 4310 765 4371 w,
784 4308 831 4370 66,
850 4307 899 4369 69,
923 4318 1027 4370 neque,
1046 4301 1070 4354 si
1089 4301 1204 4356 uixdum
1222 4304 1252 4358 in
1270 4308 1376 4360 terram

198 4391 303 4460 egressi
325 4391 382 4445 iam
407 4393 517 4448 inerant
539 4393 595 4464 ipsi
617 4393 738 4464 nemori,
760 4393 879 4463 posthae
904 4389 980 4444 idem
1003 4387 1061 4444 illis
1086 4389 1276 4460 adpetendum
1303 4397 1374 4452 erat.
