2940 4912
189 271 255 336 384
662 269 750 325 LXIV
769 274 884 325 66-67,

188 431 304 498 Biesins)
324 431 377 485 ita:
395 448 451 486 non
471 430 554 501 plane
573 429 687 499 quidem
706 429 776 499 (scil.
797 447 847 499 per
864 430 981 499 pallam)
1001 430 1089 497 tecta,
1113 430 1163 485 sed
1182 431 1239 486 leui
1257 431 1362 487 solum-

188 520 272 575 modo
294 521 391 575 tnnica
414 519 517 574 uelata.
554 534 618 572 nam
642 516 697 573 hoc
721 534 830 587 quoque
854 518 1003 572 artificium
1026 520 1186 573 contortum
1205 521 1262 588 666,
1285 519 1363 589 quod

189 608 284 665 omnia
302 608 441 664 refellunt
479 606 565 664 immo
585 605 718 661 indicium
738 608 798 662 ueri
821 607 949 662 continet
967 624 1021 662 uox
1041 607 1181 663 Ouidiana
1199 607 1362 665 ‘recincta’r

188 714 244 751 non
259 697 384 752 cinxerat
399 697 521 752 Ariadne
535 699 632 766 pectus
647 697 704 751 leui
718 697 815 751 tunica
829 697 966 762 uelatum,
985 699 1018 750 ut
1034 695 1158 751 fluitaret
1170 697 1227 751 iam
1242 699 1364 754 amiotus

188 786 234 840 616
252 788 344 842 666616
362 791 399 852 (n.
420 793 454 842 68
478 789 595 854 ettae).
634 785 744 841 codices
762 786 802 839 nil
827 785 976 852 adiuuant;
996 785 1151 840 ‘contenta'
1172 786 1261 855 enim,
1286 788 1362 856 quod

189 875 317 931 Ohabet
339 893 389 946 pro
410 875 562 930 ‘contecta’
584 872 704 944 (61661),
728 875 829 928 falsum
852 878 896 929 est
918 875 1080 944 propterea,
1104 874 1180 944 quod
1203 873 1258 930 hoc
1282 876 1362 931 ‘con-

186 965 268 1018 tenta
280 963 389 1033 pectua’
407 961 505 1017 eodem
520 962 603 1018 modo
621 979 758 1031 sensuque
774 962 888 1031 dictum,
903 979 957 1030 quo
972 963 1001 1016 iu
1015 981 1041 1017 u.
1053 968 1087 1016 66
1103 962 1212 1021 ‘uincta
1225 962 1361 1035 papillae'

188 1051 305 1121 legitur,
334 1055 363 1107 66
385 1050 557 1106 intolerabili
580 1052 693 1106 laborat
714 1050 872 1121 tautologia
895 1054 997 1120 (neque
1020 1068 1053 1106 6ο
1077 1051 1223 1121 quisquam
1247 1069 1363 1123 progre-

189 1141 280 1195 dietur
303 1144 336 1194 ut
358 1142 432 1195 bunc
454 1158 481 1194 u.
500 1145 535 1195 66
554 1139 658 1194 Oinnae
681 1140 859 1195 tribuendum
883 1143 997 1194 auctore
1016 1138 1124 1196 Isidoro
1147 1144 1177 1196 66
1196 1158 1230 1195 ex
1249 1140 1364 1198 Catullo

188 1234 333 1299 tamquam
351 1228 551 1298 interpolatum
570 1228 727 1284 eiciendum
746 1232 839 1298 putet:
865 1228 976 1296 qualem
995 1227 1156 1298 opinionem
1175 1231 1281 1285 refutat
1304 1230 1364 1285 iam

189 1317 261 1372 illud
277 1319 392 1374 ‘omnia'
408 1336 434 1372 u.
450 1321 495 1388 66)
513 1335 604 1386 neque
619 1334 685 1372 nero
700 1317 835 1372 fluitantis
854 1318 972 1372 amictus
991 1317 1247 1375 insert-notionem.
1276 1335 1365 1388 quam

190 1425 255 1461 uere
273 1407 430 1462 restituisse
449 1407 519 1462 mihi
538 1407 636 1462 uideor
653 1424 705 1477 pro
721 1407 872 1463 ‘contecta'
888 1423 1025 1476 reponens
1041 1407 1207 1462 ‘conlecta'r
1226 1407 1261 1463 cf.
1277 1407 1363 1479 Verg.

189 1497 257 1551 Aen.
270 1497 345 1551 Iaso
355 1498 477 1566 nodoque
486 1497 565 1551 61666
574 1497 811 1564 sabbatissans
821 1495 895 1550 etad
905 1502 947 1550 66.
972 1496 1133 1567 conligendi
1141 1500 1235 1552 autem
1246 1495 1364 1552 uerbum

189 1585 321 1655 qnoniam
340 1585 369 1640 in
388 1586 531 1640 succincta
551 1587 594 1640 est
612 1584 760 1653 usitatum,
778 1585 853 1640 ultro
872 1585 907 1640 de
927 1584 1041 1656 cingulo
1060 1587 1216 1656 cogitamus
1231 1586 1365 1656 pectoris,

190 1676 244 1731 etsi
259 1675 318 1729 eins
333 1676 448 1729 hicnon
464 1675 495 1728 66
509 1675 614 1729 mentio
629 1674 742 1729 diserta.
759 1706 788 1713 -
806 1674 853 1730 66.
873 1688 933 1729 non
950 1673 1043 1729 tereti
1062 1674 1200 1745 strophio
1219 1674 1365 1730 1666616616

190 1765 295 1820 ulncta
309 1764 452 1835 papillas.
471 1763 636 1833 strophium,
651 1764 721 1818 bene
735 1761 806 1817 illud
821 1780 839 1817 6
853 1763 966 1833 cingulo
980 1754 1088 1818 uestem
1102 1763 1251 1819 cohibente
1265 1763 1365 1818 distin·

192 1853 342 1926 guendum,
357 1853 452 1923 accipe
467 1871 518 1924 pro
534 1852 643 1908 ‘fascia'
658 1852 739 1922 (Non.
755 1871 781 1922 p.
793 1858 845 1907 688
858 1854 1010 1922 atrophiam
1024 1857 1063 1908 eat
1076 1854 1166 1920 suecia
1180 1852 1279 1919 breuis,
1293 1870 1366 1922 6666

189 1943 355 2014 sirpiaolem
363 1943 499 1998 horrorem
509 1944 611 1997 6616661
620 1943 804 2012 papillarum,
814 1939 894 1995 Ouid.
905 1958 971 1997 rem.
983 1958 1036 1996 am.
1048 1946 1109 2009 338,
1120 1941 1200 1995 llart.
1212 1940 1275 1995 XIV
1287 1944 1364 2010 134),

190 2034 306 2100 eratque
321 2032 375 2085 hoc
388 2031 545 2100 strophium
560 2030 656 2085 ‘teres'
673 2029 733 2084 6166
748 2047 782 2085 ex
796 2029 851 2084 filis
864 2029 991 2084 rotundis
1009 2027 1199 2098 contortisque
1214 2045 1363 2098 conexum;

190 2121 224 2175 61.
245 2120 324 2175 Ouid.
344 2120 408 2175 fast.
427 2118 453 2172 11
472 2125 523 2175 ³20
543 2123 647 2174 teretem
665 2136 774 2184 666666,
798 2118 893 2174 Claud.
913 2117 943 2172 in
961 2118 1038 2172 Eutr.
1058 2118 1083 2172 11
1104 2122 1155 2173 186
1174 2119 1251 2173 tereti
1269 2120 1363 2175 mitra.

191 2209 309 2264 ‘uincta'
325 2212 420 2279 (quam
436 2207 681 2276 constructionem,
699 2211 731 2262 ut
745 2208 814 2277 part.
831 2207 901 2276 peri.
917 2210 970 2262 act.
986 2205 1165 2276 aliquatenus
1180 2207 1293 2262 6666666
1307 2225 1365 2263 ser·

191 2299 267 2354 moni
276 2298 374 2367 latino,
384 2301 511 2354 cantores
521 2296 708 2368 Euphorionis
718 2313 860 2367 recepere3
875 2297 909 2350 oi.
920 2314 946 2366 p.
959 2302 991 2350 17
1002 2299 1062 2365 sq.),
1077 2295 1200 2351 uthiart
1211 2294 1258 2352 11.
1272 2298 1365 2364 fascia

190 2393 333 2444 6666666166
342 2388 468 2443 domim
478 2403 603 2456 conpesce
609 2387 747 2456 papillam
762 2384 881 2455 pessime
893 2383 1007 2440 ‘cincta’
1020 2384 1151 2452 Isidorus,
1161 2384 1210 2454 qui
1221 2386 1251 2439 66
1259 2402 1364 2442 memo·

190 2477 247 2531 riae
261 2478 343 2547 lapsu
357 2477 431 2531 hunc
446 2495 470 2531 u.
482 2475 585 2531 Cinnae
600 2474 745 2529 uindicans
759 2475 906 2544 praeterea
921 2473 1034 2529 exhibet
1046 2473 1217 2542 ‘lactantes',
1231 2475 1364 2531 contrat

191 2565 355 2620 ‘lactentis'.
380 2581 451 2635 quae
465 2563 603 2620 uocabula
616 2566 725 2618 ueteres
740 2562 917 2633 grammatici
931 2578 964 2617 6ο
980 2561 1144 2617 statuebant
1157 2560 1276 2630 differre,
1290 2566 1365 2633 quod

190 2654 297 2709 1666666
312 2660 350 2708 666
363 2671 432 2723 quoe
446 2654 489 2707 lac
499 2653 626 2722 6666666,
644 2654 746 2706 lacuna
764 2653 810 2706 cai
824 2652 868 2705 loc
881 2651 1031 2720 praebetur
1045 2648 1169 2720 (Seruius
1183 2651 1220 2705 ad
1234 2651 1365 2722 Georg.1

190 2748 256 2808 ³153
272 2744 306 2796 of.
322 2743 352 2797 66
362 2742 451 2812 Caper
465 2760 492 2811 p.
503 2747 547 2810 98,
562 2749 575 2794 1
592 2741 648 2810 Κ),
664 2741 738 2810 quod
754 2739 903 2794 discrimen
917 2758 982 2794 6666
996 2738 1056 2809 ipse
1070 2756 1126 2794 non
1141 2741 1303 2795 obseruauit
1317 2743 1364 2810 (si-

190 2830 304 2900 quidem
315 2829 436 2886 iniantes
450 2829 495 2885 lac
509 2831 638 2885 bibentes
653 2829 790 2884 uocantur
800 2831 829 2883 et
838 2827 977 2883 lactantes
987 2830 1016 2881 66
1025 2828 1183 2895 166666666),
1193 2847 1365 2899 quamquam

190 2920 313 2991 papillae
329 2921 468 2974 lactantes
487 2937 552 2973 saue
572 2936 723 2987 numquam
741 2918 828 2973 fuisse
847 2917 979 2972 uidentur
993 2917 1084 2972 dictae
1104 2917 1177 2972 aliae
1193 2935 1278 2987 quam
1292 2937 1365 2989 qnae

192 3009 236 3062 lac
254 3009 397 3077 praebent.
427 3024 498 3076 quae
512 3007 645 3077 quoniam
659 3008 831 3077 ineptissime
850 3007 952 3061 dantur
967 3007 1114 3075 Ariadnae,
1133 3008 1227 3078 potius
1244 3009 1366 3078 profecti

192 3097 270 3164 hinc,
291 3097 366 3164 quod
385 3096 509 3150 lactendi
527 3098 643 3152 uerbum
662 3096 768 3151 indicat
786 3096 873 3150 etiam
892 3096 922 3149 id
942 3095 1017 3164 quod
1036 3096 1158 3151 lacteum
1175 3100 1226 3165 est,
1248 3099 1365 3153 ‘lacten-

192 3186 246 3239 tes'
267 3183 435 3238 attributum
454 3184 604 3239 referemus
624 3185 659 3239 ad
674 3186 769 3239 album
784 3184 954 3255 papillarum
970 3183 1100 3239 colorem.
1128 3203 1276 3254 quaecum
1291 3188 1365 3244 lacte

193 3276 338 3343 comparat
361 3273 441 3328 Ouid.
461 3290 486 3328 a.
506 3291 530 3328 a.
555 3273 568 3326 Ι
592 3279 643 3328 692
668 3274 697 3328 66
720 3291 752 3327 ex
776 3275 865 3328 Ponto
885 3272 908 3328 ll
927 3279 957 3340 6,
976 3279 1023 3342 81,
1048 3275 1161 3329 lacteum
1184 3278 1314 3331 ceruicem
1337 3282 1368 3334 66

191 3364 278 3417 lacteo
298 3363 411 3417 bruchio
435 3363 552 3418 laudant
574 3361 624 3415 alii
649 3364 749 3432 poetae
768 3362 868 3428 (Bentl.
887 3362 924 3417 ad
942 3363 1008 3419 Hor.
1029 3363 1040 3417 1
1062 3369 1108 3431 13,
1127 3365 1168 3434 8),
1187 3364 1247 3434 ipse
1269 3369 1367 3421 noster

192 3454 238 3507 LV
261 3459 293 3507 17
320 3453 448 3508 lacteolas
471 3451 581 3521 puellas
605 3454 699 3519 nocst;
724 3453 791 3520 quin
815 3453 942 3506 16616666
963 3453 1102 3522 papsilas,
1128 3470 1198 3521 quas
1217 3455 1366 3510 Petronius

192 3561 214 3598 6
234 3548 268 3597 86
292 3541 320 3595 16
344 3558 429 3612 puero
453 3543 667 3607 commemorat,
691 3557 811 3610 quonam
835 3541 892 3596 alio
917 3541 1000 3596 modo
1024 3541 1160 3612 explicem
1185 3560 1241 3599 non
1265 3545 1366 3614 babeo,

191 3631 277 3685 immo
296 3630 418 3702 papillas
437 3630 575 3686 lactantes
594 3634 623 3686 et
641 3629 777 3685 lactentes
796 3647 829 3684 eo
848 3646 931 3699 quem
950 3630 1108 3702 significaui
1128 3632 1210 3689 modo
1230 3633 1366 3689 distincta

191 3738 252 3775 esse
276 3720 345 3775 mihi
369 3720 551 3791 persuaserim
575 3722 641 3788 (qno
666 3719 725 3774 inre
748 3719 877 3773 nonnulli
903 3719 1052 3776 ‘undantes
1076 3721 1209 3792 papillas'
1230 3723 1365 3792 interpre-

191 3812 298 3877 tentur,
318 3811 464 3865 obscurum
485 3812 547 3877 est).
576 3810 755 3864 coniecerunt
773 3807 904 3863 AStatius
920 3808 1081 3877 ‘lucentes',
1099 3810 1224 3865 Muretus
1244 3812 1363 3866 ‘luctan-

191 3900 259 3953 tes’:
279 3915 311 3954 ex
332 3898 433 3968 quibus
448 3898 611 3953 commentis
626 3898 677 3952 etsi
692 3896 811 3952 alterum
826 3898 939 3968 egregie
954 3898 983 3952 in
999 3916 1057 3954 rem
1072 3898 1204 3954 conuenit
1218 3900 1366 3972 (intellege

192 3988 239 4041 uix
258 3987 396 4042 cohibitas
415 3986 540 4057 strophio
555 3988 585 4041 et
599 4003 665 4056 prae
680 3989 789 4041 tumore
804 3986 998 4056 luxuriantes),
1017 3992 1112 4042 tamen
1126 4005 1192 4041 num
1208 3988 1365 4046 mutatione

192 4078 229 4130 sit
248 4093 318 4146 opus
337 4074 419 4131 uslde
439 4076 545 4132 dubito.
566 4107 597 4116 -
618 4075 666 4144 66,
686 4076 735 4131 68.
754 4076 855 4131 emula
873 4090 949 4143 qnae
968 4111 1027 4131 ...
1046 4075 1158 4145 passlm
1178 4076 1275 4145 lpslus
1293 4081 1365 4134 6666

192 4166 283 4234 pedes
298 4167 408 4221 fluctus
423 4166 497 4221 salis
512 4164 705 4220 adludebaut.
735 4165 846 4220 mitram
862 4165 1003 4235 cingulum
1018 4165 1177 4235 strophium
1192 4164 1282 4218 undae
1296 4183 1365 4222 saxo

193 4254 326 4323 adpulsae
342 4256 456 4324 passim,
473 4254 526 4308 hoc
542 4254 658 4308 estsine
673 4254 770 4309 ordine
784 4255 905 4323 dumque
925 4255 979 4307 huc
997 4258 1027 4307 66
1044 4253 1111 4306 11166
1129 4252 1251 4320 inruunt,
1266 4253 1363 4311 ludum

193 4343 336 4397 habebant
359 4343 514 4398 lambentes
536 4342 667 4398 nimirum
689 4343 898 4414 inrigantesque
922 4346 997 4412 (cum
1020 4340 1076 4395 leni
1099 4341 1227 4411 planctu,
1249 4344 1363 4410 qualem
