2940 4912
594 324 832 381 1111111111-1.
1234 331 1300 395 565

125 486 169 539 est
187 484 277 539 61161
296 484 387 553 anxia,
407 488 436 540 et
453 484 518 540 binc
538 485 632 540 studet
650 485 702 541 illa
721 486 842 558 effugere
860 488 989 543 ardorem
1009 492 1038 543 et
1057 507 1090 544 ox
1104 490 1198 546 animo
1218 491 1301 546 extir-

124 590 200 644 pare,
214 573 281 626 dum
296 573 364 628 mihi
380 574 531 629 maledicit.
556 575 663 629 frustra
681 591 740 631 esse
759 576 833 631 hunc
849 578 981 632 conatum
995 578 1080 632 facile
1094 580 1181 634 scutit
1200 585 1292 650 poeta.

619 730 802 787 LXXXIV.

195 841 228 903 1.
252 840 281 897 2.
306 840 486 898 (lbommoda
508 842 643 916 dicebat,
674 844 821 912 siquando
845 845 1000 901 commoda
1023 847 1120 902 uellet
1143 847 1245 903 dicere
1268 850 1300 904 et

125 929 253 986 insidias
277 930 386 986 1111111
409 931 569 989 binsldlas.
607 934 641 988 dc
666 934 718 988 hoc
738 933 820 988 Arrio
843 932 1072 1003 probabilissima
1094 936 1212 990 debetur
1234 954 1298 992 con·

124 1019 231 1075 iectura
250 1019 366 1075 11811116
387 1023 415 1075 61
433 1021 581 1077 Schwabio
601 1040 627 1090 q.
649 1021 677 1078 C.
696 1040 723 1091 p.
743 1028 809 1093 aab,
829 1023 878 1092 qni
896 1041 1038 1093 agnouere
1057 1026 1088 1091 Q.
1107 1027 1219 1080 Arrium
1238 1044 1298 1082 ora·

123 1112 222 1179 torem,
242 1110 347 1179 dequo
363 1111 396 1164 oi.
413 1109 467 1165 Cic.
484 1112 559 1165 Brut.
576 1117 619 1182 69,
633 1117 685 1166 141
700 1114 773 1183 quod
786 1114 857 1168 idem
870 1115 989 1181 faciebat
1005 1114 1036 1184 Q.
1050 1115 1162 1182 Arriae,
1180 1117 1229 1184 qai
1241 1116 1299 1182 suit

124 1200 167 1255 M.
188 1201 283 1255 Crassi
299 1201 380 1270 quasi
396 1202 587 1256 secandarum.
625 1202 650 1256 is
667 1203 793 1257 omnibus
810 1204 931 1272 exemplo
948 1203 1024 1258 debet
1040 1219 1103 1270 cose,
1120 1209 1253 1274 quantam
1266 1206 1298 1260 ia

121 1290 174 1344 bac
197 1290 264 1344 arbe
278 1291 383 1359 polleat
401 1281 584 1361 [matorum]
602 1291 709 1346 odedire
727 1292 841 1360 tempori
858 1292 1058 1361 multorumque
1075 1293 1120 1347 ael
1137 1293 1235 1348 bonosi
1253 1295 1298 1348 ael

116 1381 243 1448 polesio
259 1381 370 1434 seruire.
406 1381 450 1434 bis
467 1381 539 1435 enim
558 1382 638 1435 rebar
656 1381 750 1447 infimo
769 1381 826 1435 loeo
844 1385 928 1435 notas
946 1386 971 1435 et
988 1381 1101 1437 honores
1114 1388 1139 1438 et
1149 1384 1297 1452 pecaniam

121 1472 146 1522 et
168 1469 288 1537 gratiam
311 1474 469 1524 consecutus
491 1471 573 1525 stiam
595 1471 655 1525 aine
677 1471 818 1538 doctrina,
846 1472 905 1525 sine
928 1472 1038 1540 ingenio
1063 1473 1094 1526 in
1115 1477 1298 1541 patronorum

120 1556 174 1626 [‘in
202 1557 241 1626 p.’
277 1559 342 1612 autc
376 1557 448 1613 ‘sine
481 1559 580 1614 doctr.'
611 1559 704 1631 codd]
738 1560 854 1629 aliquem
882 1575 1024 1614 numeram
1048 1568 1226 1629 perueneram
1261 1561 1296 1616 cf.

120 1644 298 1716 llllernogius
321 1646 351 1701 in
369 1647 470 1717 Paulyi
487 1648 600 1716 Encycl.
624 1647 691 1704 real.
712 1648 724 1700 l
742 1668 769 1718 p.
791 1647 858 1703 1751
882 1666 924 1717 sq.
949 1648 1008 1716 (ubi
1032 1649 1096 1704 uide
1115 1652 1227 1719 praeter
1240 1650 1299 1705 alia

120 1737 204 1790 etiam
225 1734 413 1791 coniecturam
432 1736 467 1791 de
481 1737 573 1791 Rossii
588 1737 691 1792 malam
706 1737 904 1806 aspirationem
920 1754 954 1792 ex
968 1739 1076 1809 origine
1090 1738 1164 1792 Arrii
1179 1739 1298 1794 Etrusca

120 1825 291 1894 repetentis).
334 1827 457 1880 ceterum
483 1825 670 1892 Quintilianus
698 1825 743 1894 (cf.
772 1826 876 1881 testim.
901 1827 956 1881 nol.
980 1827 1003 1894 l)
1027 1826 1080 1880 hoc
1104 1842 1216 1881 carmen
1239 1844 1296 1881 non

119 1917 194 1969 recte
218 1911 330 1969 rettulit
353 1914 389 1968 ad
411 1914 529 1969 nimium
553 1915 735 1984 aspirationis
759 1933 853 1986 usum,
877 1916 926 1985 qui
951 1915 1078 1970 Caesaris
1101 1903 1228 1985 tempore
1253 1917 1295 1970 in-

119 2003 260 2060 crebuerit
278 2006 307 2058 61
324 2004 359 2058 de
379 2021 434 2072 quo
453 2005 487 2059 oi.
504 2004 655 2059 Corssenus
674 2002 710 2058 de
724 2003 854 2073 pronunt.
870 2003 882 2055 l
896 2021 923 2073 p.
940 2009 990 2058 103
1006 2022 1075 2074 sqq.,
1094 2004 1295 2060 Brambachius

119 2093 184 2149 libri
204 2092 442 2164 ‘Neugestaltung
460 2094 486 2147 d.
507 2092 556 2149 lat.
577 2092 796 2163 Orthograpbie'
818 2112 843 2163 p.
864 2099 916 2149 282
937 2111 1009 2163 sqq.;
1035 2093 1173 2149 namhoc
1192 2093 1294 2149 uitium

120 2182 223 2252 ubique
251 2182 392 2252 aspirandi
422 2198 440 2236 a
463 2181 575 2237 Catullo
603 2182 716 2251 quidem
745 2181 795 2236 uni
818 2181 928 2251 solique
953 2183 1032 2237 Arrio
1056 2182 1169 2252 eiusque
1194 2183 1296 2253 origini

120 2273 238 2328 trutinae
257 2272 389 2341 inputari,
409 2289 441 2326 ex
460 2291 487 2327 u.
506 2278 523 2326 3
542 2291 582 2341 sq.
603 2274 728 2342 apparet.
766 2273 889 2326 ceterum
908 2271 1048 2327 uocabula
1066 2289 1083 2326 a
1101 2274 1187 2342 poeta
1205 2272 1295 2342 speci»
1391 2334 1396 2344 ¹

119 2361 203 2417 minis
226 2377 310 2416 causa
333 2361 428 2430 posita
453 2361 624 2416 ‘commoda'
650 2361 753 2431 (lucror
776 2361 811 2415 cf.
835 2376 878 2415 ex.
903 2379 943 2432 gr.
964 2361 1076 2416 Maxim.
1096 2361 1167 2431 eleg.
1189 2369 1212 2429 1,
1233 2363 1294 2428 130)

118 2456 149 2508 61
176 2450 315 2507 ‘insidias’
346 2449 416 2520 (scil.
440 2450 564 2505 forenses
588 2450 648 2504 siue
671 2450 785 2505 fraudes
807 2450 993 2520 astutiasque)
1015 2468 1072 2505 non
1095 2449 1154 2506 sine
1178 2449 1294 2506 consilio

119 2543 211 2598 electa
229 2559 290 2597 esso
308 2541 453 2595 uidentur:
473 2540 613 2609 quadrant
629 2538 658 2592 in
674 2539 824 2608 hominem,
844 2539 956 2608 qualem
973 2539 1101 2610 depingit
1116 2538 1220 2596 Cicero.
1259 2541 1294 2595 ‘si

119 2632 217 2688 uellet’
245 2631 280 2685 dc
299 2630 420 2700 repetita
438 2629 561 2694 actione
585 2629 748 2684 Kuehnerus
766 2646 807 2698 gr.
826 2629 845 2685 1.
864 2628 891 2682 Π
909 2649 936 2698 p.
956 2635 1021 2694 926,
1045 2628 1201 2700 Draogerus
1220 2631 1293 2699 synt.

120 2721 193 2791 le.
214 2727 273 2776 733.
300 2752 329 2761 —
357 2719 385 2774 l.
408 2718 547 2773 1111111166.
589 2717 701 2773 111111.
728 2749 758 2756 —
784 2718 937 2787 sperabat.
975 2718 1030 2774 Cio.
1055 2720 1098 2773 ad.
1124 2720 1294 2787 1111114

117 2827 195 2880 mero
218 2811 270 2865 tibi
292 2826 333 2864 me
355 2825 466 2864 caream
486 2809 630 2878 probasse;
653 2810 696 2861 est
718 2808 911 2878 germanicum
936 2807 1008 2862 ‘sich
1027 2808 1239 2864 sehmeicbeln'.
1259 2839 1293 2850 -

98 2901 148 2954 ·8.
168 2899 313 2968 qnantum
337 2898 468 2967 poterat.
510 2896 690 2966 pulmonibus
715 2895 791 2950 omni
814 2913 876 2951 cum
901 2896 929 2950 ni
954 2896 1155 2968 aspirationem
1178 2897 1292 2952 efferen-

120 2990 203 3045 tibus.
224 3020 255 3029 —
276 2988 306 3060 11,
325 2987 354 3043 4.
370 2987 472 3058 credo,
491 2986 535 3041 sic
550 2987 658 3056 mater,
678 2985 723 3041 sio
737 2985 829 3040 Liber
843 2986 1012 3041 auunculus
1026 2986 1103 3060 elus,
1123 2987 1293 3043 1161116161-

119 3094 176 3135 uus
199 3093 275 3134 auus
301 3077 423 3132 dixerut
445 3077 534 3143 atque
559 3074 639 3130 unis.
676 3074 710 3128 de
734 3074 881 3142 inrisione,
905 3092 977 3144 qnae
1001 3074 1045 3130 illi
1069 3077 1185 3131 ‘credo'
1209 3077 1293 3146 inest,

120 3168 202 3224 etde
222 3168 284 3222 ‘sic’
306 3167 432 3221 subiecto
451 3164 486 3220 cf.
506 3165 542 3220 ad
560 3164 611 3219 18.
649 3166 783 3234 cognatos
797 3168 949 3234 maternos,
968 3182 1024 3220 non
1039 3168 1147 3236 patrem
1162 3168 1293 3236 agnatos·

119 3276 173 3328 qno
192 3255 268 3310 Arrii
290 3254 366 3325 quod
389 3258 581 3310 conmemorat
603 3256 702 3325 poeta,
725 3255 766 3308 ita
790 3257 833 3309 est
856 3254 1067 3325 explicandum,
1091 3257 1165 3325 quod
1189 3275 1222 3311 611
1240 3257 1293 3312 hac

121 3347 227 3417 origine
250 3344 352 3401 uitium
375 3343 495 3399 hominis
520 3342 672 3398 deriuatur.
709 3362 764 3398 non
784 3342 851 3413 quia
868 3344 991 3400 seminas
1009 3345 1202 3415 incorruptam
1220 3347 1292 3401 anti·

119 3436 256 3507 quitatem
276 3435 442 3490 conseruent
462 3431 531 3501 (Cic.
552 3433 578 3488 d.
599 3450 637 3488 or.
657 3431 697 3486 Ill
717 3439 759 3500 11,
778 3439 821 3500 ab,
844 3433 893 3488 ubi
911 3451 973 3487 cnm
993 3434 1010 3488 1.
1031 3451 1057 3487 n.
1078 3435 1112 3488 cf.
1131 3452 1165 3490 es
1183 3452 1236 3504 quo
1253 3438 1293 3490 sic

119 3527 238 3581 locutam
255 3525 385 3580 11111161
399 3528 508 3592 patrem
526 3522 629 3587 iudico,
648 3523 688 3575 sie
705 3524 847 3590 maiores),
871 3538 942 3590 quae
961 3522 1015 3576 fnit
1034 3521 1177 3577 Parthenii
1197 3525 1292 3592 opinio

120 3645 151 3654 -
172 3631 237 3669 nam
260 3613 328 3682 qnid
351 3611 452 3666 ceteris
475 3610 603 3679 cognatis
627 3627 690 3664 cum
714 3609 767 3664 hoc
785 3594 952 3665 feminarum
972 3618 1066 3664 more?
1087 3642 1133 3679 -,
1158 3611 1207 3665 sed
1226 3613 1292 3680 quia

119 3703 216 3757 Anius
244 3704 316 3757 16116
344 3700 478 3757 Cicerone
505 3700 601 3755 intimo
630 3700 693 3754 loco
716 3703 798 3755 natus
822 3716 855 3754 ex
880 3699 992 3753 familia
1017 3703 1144 3754 materna
1168 3703 1292 3756 traxerat

120 3793 223 3848 malam
251 3793 331 3847 illam
359 3789 601 3856 consuetudinem
633 3789 715 3844 multi
744 3789 864 3844 attulere
894 3790 922 3843 P.
952 3788 1059 3860 Nigidii
1086 3787 1179 3859 Figuli
1208 3788 1291 3858 (Gall.

119 3882 182 3937 Xlll
202 3888 228 3948 6,
247 3883 275 3949 6)
294 3879 381 3935 uerba
398 3881 520 3934 raeticus
538 3881 570 3947 fit
587 3895 681 3948 samo,
699 3880 725 3933 si
742 3880 846 3949 aspires
862 3896 1014 3948 perperam.
1053 3876 1183 3933 11111111161
1196 3882 1290 3934 autem

34 3974 39 3986 '
119 3974 151 4026 ut
168 3972 235 4026 Hor.
258 3972 309 4026 sat.
331 3969 342 4021 l
362 3977 386 4037 6,
408 3974 456 4021 131
482 3971 566 4037 poeta
589 3968 642 4022 hoc
666 3986 754 4037 genus
778 3969 935 4022 maternum
954 3966 1130 4038 persequitur
1148 3970 1290 4037 usquead

119 4048 210 4129 duum,
222 4060 270 4130 qui
285 4061 402 4115 sortasse
416 4058 477 4127 ipse
492 4074 555 4111 cum
570 4056 688 4127 coniuge
698 4075 748 4112 sua
762 4059 823 4112 erat
832 4056 927 4111 seruili
942 4057 1114 4113 condicione.
1133 4075 1204 4125 quae
1220 4059 1290 4112 ratio

118 4150 197 4206 fauet
214 4150 390 4206 coniecturae
405 4145 565 4214 Passeratii‚
584 4146 631 4215 qui
650 4164 700 4216 pro
717 4147 821 4201 ‘Liber'
843 4148 929 4216 (quod
949 4164 1049 4201 nomen
1064 4146 1208 4216 proprium
1223 4163 1290 4201 sane

118 4244 161 4294 ast
180 4239 337 4295 inauditum
356 4254 407 4292 nec
426 4235 627 4305 probabilitate
646 4235 745 4290 nititur
765 4235 832 4306 ulla)
852 4236 980 4306 reposuit
999 4235 1290 4303 ς111)61’111166111111111,

117 4347 173 4399 qno
201 4329 357 4384 auunculus
385 4325 491 4396 primns
519 4342 553 4380 ex
581 4324 691 4380 familia
718 4324 772 4379 ista
795 4325 831 4379 ad
856 4324 993 4379 libertatis
1017 4325 1122 4379 statum
1146 4322 1290 4379 emersisse

117 4416 228 4475 dicitur.
265 4418 341 4489 quod
365 4415 456 4487 magis
480 4416 576 4485 utique
600 4415 694 4485 placet
717 4432 801 4484 quam
826 4413 1004 4470 coniecturae
1022 4413 1186 4469 Thblarcilii
1206 4413 1287 4467 ‘ibet’
