2940 4912
601 333 730 391 valllb
749 341 863 392 34-38.
1252 336 1318 400 519

147 499 244 555 sertim
263 499 380 554 eandem
400 513 459 551 rern
479 516 505 550 n.
526 503 560 551 33
575 515 615 566 sq.
635 497 799 552 indicarent.
837 495 895 552 alia
912 498 999 552 uerba
1016 497 1104 566 igitur
1123 515 1185 552 eum
1205 497 1320 552 eircum-

147 589 291 660 epicienda
314 589 420 653 esseut,
444 585 590 654 repetiuit,
615 589 647 641 ut
672 585 761 641 dolori
786 586 930 655 conuenit,
954 585 1055 656 priora.
1097 601 1267 657 quamquam
1289 585 1320 641 in

146 678 263 746 uulgata
286 674 407 730 lectione
432 677 500 729 haee
525 673 656 744 repetitio
683 675 757 728 male
783 674 945 729 instituitur.
987 675 1082 730 lumen
1105 675 1238 730 adimitur
1260 692 1319 730 mo·

147 767 242 822 rieuti:
267 766 347 819 Lucr.
368 765 405 818 Ill
428 770 495 819 1033
515 766 618 818 lumine
636 765 760 834 adempto
783 766 905 818 animam
923 766 1087 822 moribundo
1105 781 1215 834 corpore
1231 766 1319 832 Mill

145 859 175 911 et
192 856 263 909 haec
280 852 342 908 uita
360 853 427 922 quia
445 851 535 907 dulcis
559 855 616 921 est,
638 853 790 908 iucundum
811 853 929 907 dicitur:
948 853 1031 922 Verg.
1051 855 1119 909 Aen.
1139 853 1177 907 Vl
1196 860 1248 908 363
1269 871 1320 923 per

145 945 215 999 caeli
232 945 385 998 iucundum
404 944 493 997 lamen
511 949 536 996 ct
555 959 654 1007 aaran,
673 942 931 1009 Antenoreae
951 942 1045 1013 [PLM.
1061 942 1098 995 lV
1112 960 1138 1011 p.
1154 942 1220 1013 412]
1237 959 1320 1012 quom

144 1034 226 1100 [33113
243 1034 381 1099 offuscant
398 1032 550 1086 iucundum
568 1032 662 1087 tristia
686 1033 784 1086 133333.
822 1032 896 1086 mele
915 1034 1009 1085 antem
1028 1048 1058 1085 33
1076 1031 1164 1086 habet
1181 1033 1211 1085 et
1228 1034 1319 1086 mutu·

145 1123 206 1175 tnm
224 1119 394 1186 subiectum,
419 1119 485 1189 quia
504 1137 621 1189 sequens
642 1121 757 1175 ‘tecum’
779 1121 872 1175 fratris
892 1120 980 1189 133133
999 1119 1218 1189 appellationem
1238 1136 1316 1189 prae·

145 1212 291 1266 cedentem
306 1209 458 1277 desiderat,
478 1210 506 1264 et
521 1207 655 1264 omissum
670 1208 699 1263 iu
714 1210 768 1262 hoc
782 1208 929 1264 enuntiato
946 1209 1022 1277 ‘est',
1042 1209 1115 1278 quod
1131 1209 1229 1264 abesse
1243 1209 1317 1277 apud

145 1299 285 1355 Catullum
303 1298 358 1352 nisi
376 1297 405 1351 iu
424 1297 507 1352 certis
526 1297 693 1366 quibusdum
712 1297 840 1353 formulis
858 1314 914 1353 uon
933 1296 1018 1364 solet3
1036 1297 1100 1367 ipsa
1119 1301 1214 1353 autem
1234 1299 1318 1353 lectio

144 1389 262 1459 uulgata
280 1386 366 1441 dubia
384 1389 427 1441 est
444 1389 543 1457 utpote
563 1405 597 1442 ex
616 1385 641 1442 G
659 1387 789 1457 profecta
808 1387 873 1455 (nisi
892 1387 968 1455 quod
986 1386 1032 1441 hic
1052 1387 1233 1456 ‘adeptum’),
1253 1403 1317 1441 cum

145 1481 243 1532 contra
260 1475 283 1531 0
303 1477 438 1544 praebeat
463 1475 653 1544 ‘iocundnmq;
676 1475 775 1530 limine
799 1476 954 1546 adeptum’.
992 1476 1048 1529 iarn
1067 1477 1103 1530 ad
1121 1475 1318 1545 repetitionem

145 1564 268 1636 priorum
287 1564 445 1620 sufficiebat
469 1565 504 1618 ‘ei
530 1565 632 1620 misero
659 1565 803 1636 adempte'
829 1568 906 1635 (nam
926 1564 1018 1621 ‘mihi’
1039 1565 1113 1621 ultre
1137 1564 1322 1634 supplemus),

146 1656 190 1707 cui
206 1654 337 1709 accedere
352 1655 457 1723 potuit,
478 1670 533 1722 (1⁰0
548 1654 680 1724 repetitio
696 1654 852 1709 tolerabilis
866 1655 958 1722 fieret,
976 1654 1113 1724 quaedam
1128 1647 1320 1722 amplificatio,

145 1748 255 1797 etcum
281 1760 314 1796 ex
339 1741 442 1797 tradito
468 1742 625 1812 ‘adeptum'
651 1743 734 1797 facile
759 1742 863 1797 euadat
882 1743 1034 1812 ‘adempte’
1061 1741 1124 1811 (‘m'
1145 1742 1213 1796 olim
1236 1759 1321 1811 supra

147 1832 218 1902 ‘pte’
239 1832 381 1898 natabat),
401 1847 472 1899 quae
497 1834 605 1886 restant
628 1832 696 1886 olim
720 1833 761 1887 ita
785 1831 929 1901 expediui,
952 1833 985 1886 ut
1008 1830 1139 1886 ‘iocando
1163 1846 1179 1884 e
1202 1831 1317 1885 lumine'

144 1921 333 1977 restituerem:
359 1920 386 1974 ‘e
411 1920 515 1975 lumine
538 1919 636 1975 adimi’
662 1923 721 1976 tem
746 1921 818 1975 bene
843 1937 927 1988 quam
952 1920 979 1975 ‘e
1002 1917 1063 1974 nita
1085 1918 1160 1974 tolli’
1181 1917 1320 1974 similiane

145 2010 282 2065 dicuntur.
321 2010 370 2063 sed
391 2008 436 2064 hic
454 2026 565 2078 quoque
585 2009 785 2064 otiosissimum
804 2010 875 2064 illud
892 2009 995 2064 ‘fratri’
1018 2011 1080 2078 (pro
1098 2024 1154 2076 quo
1175 2008 1253 2078 priua
1272 2009 1329 2062 de:

145 2098 240 2153 deram
265 2099 388 2167 ‘frater’)
416 2099 472 2153 alio
500 2101 600 2168 postea
627 2115 672 2153 me
696 2098 783 2153 duxit.
826 2115 890 2152 nam
917 2115 951 2152 ex
975 2097 1179 2165 ‘iocundumqq'
1204 2095 1320 2152 eliciens

146 2187 281 2243 ‘iocunde
299 2187 349 2241 in’
376 2189 532 2256 (exaratum
556 2187 609 2242 luit
632 2187 700 2242 olim
725 2187 923 2255 ‘iocundum’,
947 2186 1041 2257 posita
1065 2185 1114 2240 ‘o’
1141 2202 1227 2255 supra
1249 2185 1319 2240 alte-

143 2294 204 2331 ram
225 2277 278 2345 ‘u’)
298 2276 338 2332 313
358 2279 451 2332 totum
469 2293 543 2330 nunc
561 2275 722 2346 redintegro
738 2277 776 2331 ‘ei
796 2276 898 2331 misero
912 2275 1016 2331 aetatis
1035 2275 1155 2330 iocunde
1173 2273 1203 2328 in
1221 2273 1318 2329 limine

144 2367 302 2437 adempte’q
326 2369 369 2421 est
393 2365 467 2419 enim
494 2364 591 2420 ‘limen
614 2365 727 2420 aetatis’
753 2366 814 2419 siue
839 2365 939 2419 ‘uitae’
964 2364 1169 2431 adulescentia,
1192 2366 1225 2418 ut
1248 2365 1319 2420 etat.

145 2457 208 2510 silu.
231 2455 256 2509 ll
284 2462 312 2525 1,
331 2461 365 2509 38
390 2458 460 2510 anni
482 2460 586 2510 3133133
609 2455 639 2508 ia
664 2455 757 2509 limiae
780 2456 856 2509 uitae
880 2454 924 2522 (ci.
948 2457 977 2508 et
1000 2453 1182 2508 Marklandne
1205 2452 1273 2508 ibid.
1293 2453 1319 2508 ll

145 2553 170 2613 3,
190 2547 249 2613 70);
271 2549 300 2598 31
319 2546 355 2599 all
375 2545 543 2599 attributum
564 2542 721 2597 ‘iocuudue’
742 2543 777 2596 ef.
798 2542 988 2599 valll··1o.
1009 2573 1041 2582 —
1062 2541 1111 2614 54,
1130 2543 1180 2614 33,
1198 2541 1246 2598 te.
1283 2544 1318 2597 31.

145 2632 276 2687 LXVIII·
294 2639 327 2686 22
344 2651 405 2703 sqq.
425 2664 458 2674 -
477 2634 526 2705 31,
546 2631 595 2687 33.
621 2645 679 2699 333
699 2634 858 2687 3333133
883 2632 973 2698 louge
992 2645 1053 2686 non
1077 2630 1160 2687 luter
1182 2632 1319 2687 331333-

144 2723 252 2792 pulcra
270 2735 325 2776 neo
344 2735 438 2791 prope
462 2724 605 2789 cognatos
629 2722 829 2791 compositum
852 2720 977 2777 olnerls.
1013 2737 1047 2775 ex
1067 2721 1145 2789 ‘que'
1166 2721 1232 2775 Itali
1251 2720 1316 2776 effe-

144 2815 242 2866 cerunt
261 2811 377 2879 ‘quem’.
406 2811 454 2865 sed
474 2826 644 2880 quamquam
664 2810 828 2880 pronomine
847 2811 966 2865 relatiuo
982 2811 1094 2880 saepius
1109 2826 1212 2865 nouom
1232 2827 1316 2864 enun-

144 2901 246 2956 tiatum
260 2899 423 2970 adiungitur
436 2900 522 2969 priori
537 2901 582 2968 (31.
599 2919 624 2953 3.
636 2907 679 2968 30,
695 2907 737 2968 31,
749 2905 791 2967 33,
808 2905 851 2966 91,
866 2903 922 2969 33),
937 2903 1032 2955 temen
1047 2899 1075 2953 13
1090 2898 1143 2953 hac
1156 2899 1319 2969 parenthesi

143 2991 200 3045 iam
219 3007 269 3060 per
288 3008 318 3044 33
336 2989 461 3059 longiore
481 3006 566 3057 quam
585 2990 658 3044 mule
676 3006 779 3044 nouom
793 2989 930 3044 inferatur
945 2988 1121 3044 enuntiatum
1137 3005 1199 3042 eum
1215 3004 1319 3058 magno

144 3078 353 3149 perspicuitatis
370 3079 487 3147 damno,
511 3097 574 3133 oum
600 3078 695 3133 omnis
713 3079 844 3134 iusserint
862 3073 1026 3134 continuare
1049 3078 1144 3133 fratris
1163 3077 1319 3131 adlocutio-

144 3184 220 3235 uem,
240 3166 323 3222 facile
342 3169 390 3236 qui
409 3168 499 3238 pulcri
521 3168 624 3222 fruitur
648 3186 730 3223 senen
749 3167 903 3238 intellegit3
927 3169 1058 3237 idemque
1076 3167 1218 3234 lubenter,
1239 3168 1318 3237 puto,

144 3272 253 3311 mecum
277 3256 377 3312 reddet
400 3261 499 3327 poetae
524 3258 585 3325 ‘te',
614 3276 677 3312 curn
702 3259 867 3327 praesertim
890 3257 1027 3312 traditum
1052 3257 1129 3326 ‘que’
1160 3274 1193 3312 ex
1221 3273 1319 3312 uerene

144 3346 335 3416 praecedentis
354 3345 435 3399 initio
455 3344 492 3400 sit
510 3350 610 3400 ortum.
641 3347 710 3402 ‘tam
730 3346 842 3417 longo'3
861 3345 990 3401 Veronae
1009 3345 1114 3415 qnippe
1134 3346 1187 3399 hoc
1206 3362 1319 3400 carmen

144 3435 290 3505 seriptum
315 3433 465 3490 Santeuiua
488 3451 531 3503 33.
557 3434 637 3490 Ouid.
662 3440 697 3489 tr.
723 3434 760 3488 ΙΙΙ
784 3441 814 3500 3,
839 3441 873 3489 et
899 3441 956 3489 tam
980 3435 1080 3503 333331
1105 3435 1207 3502 1333113
1232 3436 1320 3503 igitur

144 3527 289 3579 moriemur
311 3526 343 3578 ia
365 3525 422 3579 orie
445 3525 475 3577 31
493 3526 604 3579 Ρ31ιο3.
629 3541 651 3578 c.
674 3530 733 3578 113.
775 3528 872 3578 notum
896 3526 940 3577 331
963 3540 1047 3591 quem
1070 3522 1155 3576 inerit
1178 3522 1319 3576 ueteribus

145 3617 257 3682 gratum
285 3611 397 3680 sepeliri
424 3611 453 3666 iu
482 3615 558 3665 terra
581 3611 673 3681 patrie
697 3610 777 3666 3113
801 3611 899 3665 eodem
924 3628 987 3665 cnm
1010 3611 1174 3679 parentibus
1202 3609 1318 3680 anteque

146 3703 338 3766 monumentoq
357 3701 392 3754 31.
412 3717 453 3754 er.
468 3718 509 3769 gr.
526 3699 598 3755 Ciris
616 3705 668 3755 333
686 3702 774 3757 cineri
789 3701 886 3769 patria
905 3705 943 3755 331
960 3700 1085 3754 iucunda
1102 3700 1216 3768 3333113,
1236 3700 1316 3757 Ouid.

146 3792 211 3845 met.
235 3790 298 3845 11111
323 3795 375 3844 uel
403 3792 583 3860 condeturque
606 3796 684 3845 tuam
708 3789 887 3844 3333333113
912 3804 1011 3856 corpus
1034 3789 1129 3843 331113.
1173 3788 1263 3843 ‘nota'
1289 3791 1320 3844 et

147 3879 290 3948 ‘cognata’
310 3895 367 3933 non
381 3884 446 3933 sunt
459 3896 537 3934 ruera
550 3894 718 3949 synonyme,
737 3878 786 3934 sed
801 3894 864 3932 cum
878 3876 1044 3947 gradatione
1058 3877 1222 3946 iunguntur:
1245 3879 1318 3932 iuter

145 3971 326 4022 monumenta
349 3967 518 4037 sepulcralia
539 3972 670 4024 notorum
694 3969 752 4024 siue
776 3968 892 4036 ciuium,
917 3968 969 4022 hoc
992 3969 1035 4022 est
1054 3965 1161 4036 patrie,
1183 3969 1212 4020 et
1234 3967 1314 4022 iuxta

146 4057 364 4127 propinquorum
387 4073 484 4122 urnae,
506 4057 536 4112 in
560 4057 660 4127 quibus
683 4058 792 4112 cinerea
816 4073 932 4126 ossaque
956 4057 1166 4111 combustorum
1190 4055 1319 4110 solebant

148 4145 299 4215 ‘componi’
318 4146 627 4215 (13111333111133,
641 4146 774 4218 Lygdum.
786 4151 811 4214 1,
826 4153 860 4201 23
874 4145 971 4215 ibique
987 4144 1162 4212 Broulrhus.).
1189 4143 1316 4214 ‘cognati

146 4234 262 4290 cineres’
284 4239 360 4302 (uem
380 4234 409 4289 iu
427 4237 544 4306 plurali,
564 4238 598 4292 de
617 4253 672 4305 que
692 4237 726 4292 31.
747 4236 854 4291 Neuius
872 4236 898 4290 d.
918 4235 937 4290 1.
957 4236 975 4290 l.
994 4236 1006 4288 l
1026 4254 1051 4304 p.
1072 4239 1139 4302 411,
1158 4234 1317 4290 333133113

145 4322 285 4378 inuenitur
299 4342 387 4394 genus
402 4325 575 4393 femininum,
594 4328 676 4381 metri
690 4323 859 4381 necessitate
880 4328 997 4395 cogente
1016 4324 1113 4393 nulla),
1128 4325 1160 4377 ut
1177 4323 1258 4393 Prop.
1279 4323 1317 4377 111

147 4419 206 4481 33
231 4419 257 4469 et
280 4419 367 4469 muter
385 4432 441 4470 333
463 4417 539 4471 iaetu
552 4414 704 4487 31333333
721 4416 813 4470 debita
835 4421 923 4470 terrae
945 4431 994 4471 333
1007 4421 1072 4486 pote
1095 4419 1222 4484 33333133
1245 4414 1318 4468 inter
