2940 4912
631 326 722 383 XXIII
742 333 838 382 0-10.
1257 327 1320 391 163

153 503 216 551 m,
234 485 390 552 Fundani,
414 487 511 555 pulcre
534 488 621 554 fucrit
644 489 696 542 tibi
719 486 855 556 (Muretus
879 504 922 556 cp.
942 486 996 541 cic.
1022 487 1048 540 d.
1068 504 1095 540 n.
1115 487 1142 543 d.
1166 487 1179 539 I
1201 494 1250 556 41,
1271 494 1322 543 114

150 574 222 628 ias·
239 576 312 630 mnu
331 576 412 631 alind
431 577 463 630 in
480 578 556 631 omni
574 578 735 631 aeternitate
753 577 810 630 nni
830 576 909 628 ‘mint
918 575 1033 644 pulchre
1046 576 1095 629 cet’
1112 582 1137 631 et
1153 578 1210 647 ‘epo
1225 579 1321 632 beatus

147 665 217 718 αι’
241 667 426 735 capitaneae).
470 664 539 720 ‘tibi
563 683 625 720 oum
650 667 696 733 (=
719 682 775 719 una
799 666 875 732 cum)
898 666 918 720 t.
941 664 992 734 μ’,
1014 663 1070 720 tibi
1092 668 1123 719 et
1143 667 1267 735 parenti,
1290 672 1322 722 ut

148 752 219 807 LXII
238 760 288 809 61:
307 758 352 809 est
370 753 447 808 idem
465 755 539 822 quod
558 771 623 809 mox
641 754 746 824 legitur
762 753 843 807 ‘bene
858 753 961 806 ualetis
981 754 1121 808 omnes'.
1149 759 1273 810 ceterum
1292 756 1322 810 in

147 860 270 900 samone
289 842 426 898 familiari
444 843 520 898 haud
538 860 602 898 raro
621 860 774 912 pronomen
794 841 982 912 possessiuum
1003 845 1062 897 sine
1081 842 1111 897 ui
1124 843 1268 914 praeponi,
1287 863 1321 900 ex

146 931 257 986 comicie
276 935 322 987 sat
339 936 439 987 notum
459 935 510 988 est.
535 964 568 973 —
592 932 622 986 0.
646 932 774 998 coniuge
799 931 912 999 lignea.
949 932 1118 986 attributum
1137 933 1173 987 ad
1197 934 1321 1002 corporis

144 1026 199 1076 1οω
219 1022 378 1077 exilitatem
397 1020 617 1089 ariditatemque
638 1020 727 1086 (Luat.
744 1020 782 1074 lV
803 1028 869 1076 1161
891 1022 926 1075 de
944 1020 1040 1090 puella
1058 1021 1187 1078 morbida
1205 1040 1322 1079 nnuoea

145 1112 293 1179 cilium,
311 1111 409 1167 Alexis
431 1111 461 1166 in
480 1110 565 1166 Mein.
583 1111 684 1180 fragm.
708 1127 779 1165 eom.
799 1110 838 1164 IlI
857 1117 909 1165 473
928 1106 1127 1181 ἀκρολίπαροι,
1150 1109 1181 1165 τὸ
1205 1109 1234 1166 δ’
1253 1108 1322 1167 uitta

143 1195 212 1268 εἰμ’
233 1194 391 1270 ὑπόξυλον)
412 1218 498 1270 quam
517 1203 611 1255 motus
627 1199 753 1254 dumores
773 1200 946 1269 rusticosque
967 1199 1060 1266 (PLM.
1076 1199 1102 1252 V
1120 1218 1147 1269 p.
1164 1206 1214 1254 101
1233 1202 1321 1271 epigr.

142 1296 188 1355 31,
206 1294 236 1358 2)
263 1289 397 1358 pertinet.
423 1320 457 1329 —
483 1290 509 1344 l.
533 1303 588 1345 nec
612 1289 733 1344 mirum.
774 1289 882 1343 mbae
906 1289 982 1344 uitae
1006 1290 1178 1344 cottidianae
1201 1291 1322 1345 formula

142 1394 237 1446 {qnam
251 1378 353 1433 itidem
367 1378 454 1433 habes
468 1377 542 1432 LVIl
557 1383 574 1433 3
589 1380 617 1433 et
631 1376 719 1432 LXIX
735 1381 761 1445 ’1)
780 1376 926 1431 sollemnis
944 1380 1006 1431 erat
1022 1376 1099 1432 illius
1114 1378 1179 1432 ‘est’
1197 1379 1321 1447 omissio,

142 1472 172 1520 ut
187 1467 218 1521 in
243 1466 376 1521 omnibus
399 1467 588 1522 locutionibus
613 1483 676 1521 cum
701 1466 826 1520 ‘mirum'
853 1466 1029 1535 compositis,
1053 1469 1113 1520 tam
1137 1468 1212 1536 apud
1236 1470 1322 1525 comi·

143 1572 188 1610 coe
206 1556 257 1625 (cf.
276 1556 400 1626 interpp.
420 1555 456 1609 ad
474 1555 535 1611 Ter.
551 1556 635 1610 Andr.
653 1557 715 1624 111)
734 1572 819 1624 quam
837 1555 913 1624 apud
931 1554 1002 1611 alios
1022 1555 1184 1625 scriptores;
1204 1559 1239 1613 cf.
1258 1576 1321 1629 ger-

143 1646 284 1701 unicum
304 1645 382 1700 ‘kein
400 1645 547 1700 Wunder'.
586 1644 778 1712 adiunguntur
804 1646 900 1698 autem
924 1645 1071 1714 sequeutia
1094 1647 1144 1699 aut
1161 1662 1212 1715 per
1231 1646 1319 1701 ‘nam’

143 1735 207 1803 (Cic
229 1733 317 1791 lead.
335 1733 467 1800 111933
485 1750 534 1789 nec
551 1734 669 1800 mirum
688 1751 753 1788 nan
771 1751 921 1803 numquam
939 1738 1008 1803 eqs.)
1027 1737 1077 1788 aut
1095 1750 1145 1803 per
1163 1735 1320 1804 asyndeton

142 1823 358 1894 explicatiuum,
377 1825 410 1877 ut
427 1821 502 1878 LVII
520 1830 546 1878 3.
566 1854 599 1863 -
619 1823 695 1878 bene
714 1822 837 1877 ualetls.
865 1822 899 1877 of.
915 1821 1050 1892 Epicurus
1070 1840 1114 1892 ap.
1130 1823 1211 1893 Diog.
1227 1823 1320 1879 Laert.

143 1912 166 1967 X
185 1921 210 1980 1,
231 1918 299 1980 131,
322 1913 388 1968 Hor.
408 1914 459 1968 eat.
479 1911 553 1979 112,
574 1919 606 1967 71
631 1913 666 1966 de
690 1912 783 1967 uictus
802 1913 894 1966 tenuis
913 1911 1037 1967 utilitate
1060 1913 1093 1965 in
1107 1914 1208 1981 primu
1225 1915 1321 1968 naleae

142 2002 211 2057 tare.
237 2032 270 2043 -
296 2000 326 2057 8.
350 2002 456 2071 pulcre
480 2001 683 2069 concoqultle.
721 2002 816 2057 Celsus
839 2000 851 2053 l
876 2008 889 2055 1
910 2002 1023 2070 prodat
1047 2044 1071 2056 ..
1096 2002 1138 2057 bie
1163 2004 1207 2059 die
1225 2006 1321 2072 potine

144 2109 224 2161 paca
241 2092 323 2147 unet
341 2092 432 2146 ntum
451 2107 546 2160 capere
563 2097 589 2146 ct
606 2108 710 2160 semper
722 2108 806 2160 qnam
820 2091 988 2159 plurimum,
1007 2091 1150 2145 dummodo
1168 2092 1242 2145 lsnnc
1259 2108 1321 2146 con·

142 2186 252 2250 0001001,
275 2179 309 2234 hi
329 2179 454 2235 famelici
478 2197 541 2235 oum
565 2179 613 2234 uix
637 2181 722 2234 semel
747 2178 861 2249 capiant
879 2179 973 2233 cibum
993 2178 1053 2233 sine
1076 2180 1224 2234 cruditatis
1247 2179 1321 2249 peri·

142 2270 216 2336 culo,
241 2270 349 2341 optimo
372 2285 442 2325 sane
464 2269 604 2340 digerant
647 2269 752 2325 dicitur
776 2268 982 2337 ‘concoquere’
1008 2268 1095 2322 etiam
1120 2267 1260 2323 absolute.
1286 2299 1320 2308 -

142 2362 171 2415 9.
187 2375 250 2417 m
269 2358 423 2431 incendia,
442 2373 503 2415 non
521 2372 632 2425 naues
651 2358 768 2423 ruinas.
798 2358 924 2425 sequitur
942 2357 1018 2413 illius
1033 2357 1116 2412 ‘nihil
1134 2357 1252 2412 timetis'
1273 2375 1320 2428 ep-

143 2450 282 2521 exegesis,
309 2449 340 2503 iu
365 2465 421 2517 qua
447 2449 607 2517 negationis
632 2447 765 2518 repetitio
792 2447 936 2502 sollemnis
961 2449 1012 2502 est.
1056 2448 1155 2502 domos
1180 2450 1231 2501 aut
1253 2447 1320 2517 igne

143 2539 267 2596 eornbmi
285 2541 337 2595 aut
356 2541 401 2607 (ut
418 2539 495 2593 tenni
513 2539 625 2593 tibicine
642 2539 743 2606 fultae,
766 2538 860 2591 quen.
880 2544 910 2604 3,
931 2540 993 2605 194)
1012 2537 1104 2591 subito
1129 2536 1209 2607 lapsu
1228 2536 1320 2591 oonoi-

143 2630 219 2697 dere,
244 2629 359 2699 saepius
378 2627 485 2682 Romae
504 2626 611 2691 suenit;
636 2626 708 2679 unde
735 2625 872 2680 usitatum
896 2628 952 2693 est,
976 2623 1027 2680 illa
1050 2626 1231 2697 coniungere:
1256 2625 1320 2681 Seu.

144 2720 211 2774 rhet.
226 2722 317 2773 contr.
333 2718 358 2771 ll
379 2724 402 2783 1,
424 2724 454 2770 11
476 2721 557 2771 tanta
576 2716 694 2769 altitudo
713 2716 901 2781 aedificiorum
919 2721 958 2769 cet
976 2720 1120 2785 tantaeque
1138 2717 1251 2770 uiarum
1270 2733 1320 2770 an·

143 2812 260 2875 9001100,
279 2813 311 2860 ut
328 2822 414 2875 nepae
432 2806 566 2859 aduersus
585 2807 673 2875 ipnem
688 2806 862 2872 praesidium
875 2821 924 2858 nec
938 2821 972 2858 ex
990 2806 1083 2860 ruinis
1101 2806 1187 2860 ullam
1206 2808 1237 2858 in
1252 2823 1320 2875 par·

144 2906 189 2951 ten
208 2899 343 2966 etfaciam
361 2896 398 2948 eit
417 2899 447 2949 et
465 2894 533 2948 ibid.
555 2900 587 2947 12
611 2899 642 2947 nt
661 2895 743 2947 annii
760 2899 784 2946 ct
810 2895 934 2947 interdiu
952 2901 977 2947 ct
995 2901 1072 2948 nocte
1089 2897 1202 2948 ruinam
1220 2897 1320 2964 ipnesn·

143 3006 188 3055 pue
211 2992 349 3049 manant,
374 2985 455 3052 Prop.
476 2984 499 3035 ll
520 2989 563 3049 27,
588 2989 618 3050 9,
642 2984 704 3036 Seu.
729 2982 763 3036 de
787 2982 1036 3049 0111001132
1061 2991 1091 3037 et
1114 2984 1148 3038 de
1171 2983 1261 3039 benef.
1282 2983 1320 3037 IV

143 3084 166 3141 e,
183 3083 208 3130 2.
235 3106 268 3115 -
295 3074 342 3128 10.
368 3088 427 3128 non
448 3072 533 3126 furta
551 3071 659 3142 impla,
683 3086 743 3124 uon
770 3070 856 3126 dolos
875 3072 996 3126 ueneni.
1034 3072 1075 3126 sio
1095 3090 1158 3126 uere
1179 3073 1320 3142 Hauptiue

144 3166 247 3236 [opusc.
263 3166 275 3218 l
297 3163 369 3234 pl]
389 3162 510 3217 correxit
528 3161 664 3216 traditum
684 3161 712 3213 in
732 3161 755 3216 v
776 3160 864 3215 ‘facta
883 3161 992 3230 impia’‚
1012 3162 1114 3230 quibus
1133 3162 1319 3231 designantur

142 3256 233 3310 onnia
251 3269 326 3324 quae
346 3255 444 3306 contra
463 3253 505 3305 ius
524 3252 621 3319 fasque
641 3251 711 3304 fiunt
734 3251 780 3319 (cf.
800 3250 877 3303 XXX
897 3258 927 3317 3,
946 3251 1024 3304 Lucr.
1046 3252 1056 3303 1
1077 3256 1125 3314 83,
1146 3252 1228 3321 Verg.
1250 3256 1319 3307 Aen.

143 3344 262 3410 11193,
288 3342 371 3397 Ouid.
391 3341 409 3393 f.
430 3341 508 3394 1133
532 3345 560 3395 01
585 3340 665 3409 epist.
688 3346 729 3407 10,
750 3346 813 3407 100,
838 3340 974 3409 Lygdum.
994 3347 1019 3407 6,
1040 3343 1093 3408 42).
1132 3340 1181 3394 sed
1201 3340 1269 3394 haec
1288 3343 1321 3393 nt

143 3436 255 3501 meunt
280 3430 521 3500 comprehendere
544 3430 674 3484 incendia
697 3430 791 3497 (tectis
814 3429 920 3483 nelarie
944 3428 1073 3497 iniecta),
1097 3429 1139 3481 ita
1162 3429 1319 3483 necessario

143 3524 167 3575 in
189 3541 219 3577 se
244 3523 305 3575 iam
328 3520 475 3574 continent
498 3520 634 3573 uenefioia
657 3520 776 3573 subdola
800 3518 911 3589 (Mauro
936 3536 977 3588 cp.
999 3516 1100 3571 Arnob.
1121 3516 1158 3568 lV
1183 3524 1217 3570 28
1238 3535 1319 3585 penc-

142 3614 230 3666 oellere
248 3614 281 3666 in
300 3611 441 3676 turinum
459 3610 553 3677 dolis),
573 3627 691 3677 quorum
712 3607 925 3676 curpeouliaris
941 3604 1194 3676 sequaturmcnlio
1210 3606 1319 3661 aionon

142 3705 265 3770 apparet
306 3698 445 3768 Hauptiue
464 3716 506 3768 cp.
526 3699 591 3753 Hor.
612 3696 684 3753 odl
705 3705 728 3764 1,
748 3703 782 3751 77
800 3699 951 3763 sorinidarc
969 3696 1162 3764 maiestates,
1182 3697 1320 3762 incendia,

142 3807 230 3845 naon
248 3808 285 3843 ne
309 3795 334 3842 te
353 3789 497 3857 conpilent
519 3790 655 3857 sapientes
679 3788 761 3856 (adde
782 3787 862 3840 Mart.
883 3786 921 3839 Vl
941 3793 989 3853 33,
1009 3788 1035 3853 3)
1059 3789 1206 3856 totumque
1226 3786 1320 3842 locum

144 3882 176 3934 sic
202 3878 371 3935 adumbrat:
397 3878 462 3932 ‘non
487 3878 617 3932 incendia
640 3877 754 3945 timent,
778 3875 848 3930 nihil
872 3876 947 3931 enim
971 3876 1128 3945 possident,
1154 3878 1229 3948 quod
1253 3877 1320 3947 igne

142 3971 335 4034 sommium
361 3984 417 4022 nou
443 3966 552 4033 ruinas,
579 3982 644 4020 nam
670 3983 759 4019 uacua
783 3965 881 4019 domus
907 3968 963 4032 est,
991 3968 1034 4032 ut,
1061 3964 1172 4020 etiamsi
1199 3969 1319 4031 corruat,

143 4061 247 4115 nullum
267 4062 366 4115 tamen
390 4056 579 4111 comminuere
603 4056 691 4124 poenit
715 4054 930 4123 supellectilem
953 4055 1115 4120 nonfurtu,
1136 4054 1319 4123 nequeenim

143 4150 222 4203 ullius
242 4148 285 4203 rei
302 4147 436 4201 damnum
451 4146 543 4200 iacere
561 4148 688 4214 possunt;
708 4161 763 4197 non
777 4143 920 4209 uenefloia,
939 4160 1004 4198 narn
1020 4144 1090 4197 nihil
1106 4144 1218 4209 habeut,
1238 4142 1318 4197 ouius

143 4239 298 4308 cupiditate
313 4236 395 4291 hores
404 4234 507 4304 aliquis
517 4235 620 4304 impius
630 4234 751 4303 flagret'.
774 4251 947 4303 quamquam
959 4233 1047 4287 maius
1059 4248 1175 4285 acumen
1186 4249 1319 4302 agnosco,

144 4328 163 4381 ui
180 4328 293 4383 nullam
313 4325 392 4380 l'urii
412 4327 540 4395 parentes
560 4324 673 4377 domum
694 4323 835 4392 possidere
854 4322 992 4378 dicuntur.
1023 4322 1107 4387 iures,
1127 4321 1175 4389 qni
1190 4322 1319 4376 sollemni

143 4418 269 4487 qitheto
290 4415 411 4471 audiunt
431 4413 574 4484 ‘improbi’
597 4416 625 4466 01
641 4412 743 4479 ‘muli’‚
763 4413 808 4466 hic
824 4429 997 4482 exaggerans
1011 4411 1056 4479 (cf.
1074 4410 1185 4476 ‘graues
1200 4412 1319 4481 ruinas')

1052 4498 1105 4551 11*
