2940 4912
186 308 251 374 536
622 304 751 360 varnb
771 311 918 363 rra-120.

189 473 252 539 post
271 469 429 539 genitorum
447 467 605 522 intellectui
630 467 785 522 inseruiens
803 482 936 536 personas
955 463 1030 519 Allio
1053 466 1214 521 notissimas
1237 467 1361 522 breuiter

187 558 356 613 adumbrare
375 574 441 612 sane
460 557 565 625 potuit;
585 574 649 611 nam
670 574 721 611 nec
740 554 858 611 Lesbiae
878 572 980 609 nomen
997 571 1114 623 usquam
1132 554 1244 625 legitur.
1282 554 1360 626 flagi·

186 649 278 702 tamus
302 646 388 716 igitur
411 646 468 700 tale
492 643 613 712 aliquid:
642 649 671 700 et
694 644 733 700 sit
756 645 823 700 felix
847 645 870 700 is
895 644 942 711 qui
966 644 1030 697 ante
1049 643 1155 698 Allium
1177 643 1281 698 terram
1300 643 1360 698 eine

185 735 303 791 salutem
329 735 407 790 dedit
430 735 512 802 mihi,
539 733 587 804 qui
613 752 697 789 saeuo
722 734 824 788 amoris
850 736 929 788 aestu
953 732 1101 802 absorptus
1125 731 1360 802 naufragiumque

185 843 285 895 passus
304 842 392 894 paene
411 825 489 894 perii.
528 821 674 892 conligeus
700 840 768 892 crgo
787 825 851 877 Tac.
873 823 939 877 bist.
959 824 970 875 l
990 827 1005 874 2
1025 821 1139 876 haustae
1157 822 1202 888 (=
1221 819 1294 876 mari
1312 821 1360 876 ab·

186 916 325 984 sumptae)
344 921 394 968 aut
411 915 524 968 obrutus
543 914 622 967 urbes
640 911 751 981 aliuque
767 913 856 968 multa
875 914 970 981 aptam
990 913 1106 980 coeptae
1125 908 1243 980 imagini
1263 927 1361 967 uocem

186 1004 341 1058 restituisse
372 1003 441 1057 mihi
470 1001 569 1056 uideor
598 1017 650 1070 pro
679 1001 802 1055 ‘aufert'
830 1000 889 1055 siue
920 994 986 1066 ausi
1013 1000 1172 1068 reponendo
1199 995 1274 1066 uusr’
1301 1000 1361 1056 siue
1419 1038 1422 1042 ·

188 1093 309 1160 ‘austis',
328 1094 345 1148 i.
365 1109 388 1146 e.
411 1090 552 1145 ‘haustis’.
584 1093 671 1144 restat
691 1107 786 1143 uersus
806 1089 909 1155 minor,
929 1089 958 1142 iu
976 1106 1032 1157 quc
1051 1092 1158 1143 certum
1177 1091 1221 1143 eet
1238 1088 1361 1144 alienum

187 1199 246 1236 esse
270 1181 379 1235 hiatum
402 1197 420 1234 a
443 1180 528 1249 poeta
551 1182 646 1233 nostro
671 1179 718 1244 (ad
736 1177 838 1232 LXVII
857 1182 911 1246 tt).
954 1178 1022 1232 olim
1045 1177 1131 1248 igitur
1155 1178 1258 1247 ‘primo
1282 1180 1360 1234 aunt’

187 1270 233 1325 uel
254 1271 331 1324 ‘suut
348 1268 440 1323 nobis’
466 1271 652 1338 temptauere;
677 1268 817 1338 Hauptius
841 1268 1064 1323 adsentientibus
1087 1267 1254 1338 nuperrimis
1274 1269 1362 1324 edite-

187 1360 264 1415 ribus
284 1359 384 1428 ‘primo
399 1358 449 1411 mi’
467 1359 586 1427 scripsit.
615 1358 745 1426 equidem
763 1357 817 1413 hoc
836 1359 892 1411 iam
912 1375 969 1412 nou
983 1356 1078 1427 probo.
1107 1375 1172 1411 nam
1192 1356 1215 1411 si
1234 1375 1363 1413 summae

189 1451 233 1503 eet
250 1448 410 1516 offensioni,
428 1451 494 1517 post
514 1447 675 1516 ‘principio’
697 1447 794 1502 iterari
809 1447 923 1516 ‘primo’
939 1462 1073 1514 peruersa
1091 1464 1153 1501 cum
1172 1446 1202 1499 ui
1221 1445 1364 1503 rhetorica

189 1543 264 1607 (nam
283 1555 318 1591 ne
337 1535 454 1590 nimium
473 1535 501 1588 in
520 1535 634 1589 modum
654 1535 817 1590 efferrentur
836 1535 919 1589 huius
933 1534 1017 1589 amici
1038 1534 1143 1601 officia,
1163 1534 1272 1603 gratiae
1287 1535 1363 1591 Allic

189 1625 314 1681 redditae
338 1626 498 1693 uetabant),
523 1625 626 1694 duplex
650 1626 679 1678 et
702 1625 785 1678 metri
808 1628 837 1678 et
860 1624 1016 1679 sententiae
1040 1623 1248 1678 incommodum
1272 1625 1363 1694 ipsam

188 1716 282 1786 potius
301 1731 399 1771 uocem
421 1714 534 1784 ‘primo’
555 1713 648 1768 reddit
667 1719 835 1783 suspectam.
864 1730 948 1781 qnam
966 1713 1117 1783 repositam
1133 1728 1231 1767 censeo
1245 1731 1264 1767 a
1278 1713 1363 1769 libra-

189 1806 244 1872 rio,
270 1804 319 1872 qui
343 1803 411 1871 quid
437 1802 605 1872 exemplaris
630 1803 672 1856 sni
699 1803 852 1873 scripturae
880 1802 1002 1872 ‘promi'
1031 1803 1137 1857 taceret
1162 1801 1289 1856 nesciret.
1332 1805 1364 1858 tu

189 1895 294 1949 lineola
312 1910 362 1963 per
381 1893 421 1962 ‘p’
444 1893 529 1947 ducta
546 1892 623 1961 legas
644 1892 673 1944 ‘a
691 1909 746 1959 quo
765 1894 831 1945 suut
848 1907 931 1960 porro
951 1889 989 1943 mi
1008 1891 1104 1945 omnia
1120 1892 1187 1945 nata
1205 1891 1304 1959 bona’,
1322 1892 1365 1945 ita

190 1982 321 2037 nimirum
339 1983 372 2035 ut
389 1980 539 2050 intellegas
558 1981 638 2049 ‘post
656 1981 730 2049 quod
750 1980 916 2051 principium
937 1977 1051 2034 deindc’
1072 1979 1143 2049 (scil.
1159 1978 1228 2034 Allii
1241 1980 1363 2035 maxime

190 2069 491 2138 beneficiat-119.
519 2072 550 2124 et
574 2069 663 2136 longe
690 2070 760 2124 aute
786 2083 899 2124 omnes.
944 2069 1004 2123 scil.
1028 2070 1066 2124 sit
1086 2067 1162 2123 felix.
1205 2070 1365 2140 adsumpsit

189 2159 324 2229 Lygdum.
344 2165 368 2227 4,
388 2165 422 2213 93
441 2165 465 2213 et
484 2160 561 2229 longe
579 2165 642 2213 autc
661 2161 733 2214 aliae
751 2175 841 2214 omme
858 2160 1003 2213 mitissima
1022 2164 1115 2213 muter.
1137 2191 1169 2197 -
1190 2159 1265 2213 mlhl
1284 2174 1363 2227 quw

191 2262 237 2303 me
262 2248 364 2303 curlor
388 2247 454 2317 lpse
481 2249 538 2303 est.
575 2252 607 2302 ut
626 2248 713 2302 LXIV
732 2254 793 2302 215.
831 2248 911 2302 Ouid.
931 2265 964 2302 ex
984 2249 1013 2302 P.
1034 2247 1059 2301 lt
1078 2253 1108 2316 8,
1127 2255 1160 2302 27
1180 2265 1232 2317 per
1252 2252 1365 2318 patriae

191 2355 300 2405 noureu,
319 2355 388 2407 quus
406 2343 430 2391 te
449 2338 500 2391 titi
518 2339 610 2393 eonor
623 2339 683 2405 ipsc
698 2344 748 2406 est,
767 2338 840 2391 trist.
856 2336 880 2388 V
898 2343 938 2403 14,
955 2343 980 2404 2,
1000 2335 1086 2391 Culex
1101 2343 1161 2392 211.
1178 2368 1210 2376 -
1226 2337 1294 2393 120.
1309 2339 1364 2393 lux

192 2441 272 2494 mea,
300 2441 360 2493 qua
388 2425 460 2479 uluu
488 2424 593 2479 uiuere
621 2425 709 2480 dulce
738 2425 810 2479 nrtlrl
839 2426 896 2480 est.
938 2426 997 2479 ‘lux
1021 2427 1105 2493 mea’,
1131 2425 1165 2480 de
1191 2425 1305 2495 Lesbia,
1333 2430 1365 2481 ut

192 2534 277 2586 supra
295 2522 337 2569 92.
365 2514 432 2570 Hor.
449 2514 529 2584 epod.
547 2520 570 2579 1,
586 2521 601 2569 b
621 2516 688 2583 quid
706 2531 769 2581 uos,
788 2516 886 2583 quibua
905 2521 929 2569 te
945 2516 1007 2569 nitu
1020 2516 1056 2583 ert
1069 2517 1214 2584 superstite
1231 2517 1365 2584 iucunda,

191 2608 217 2660 ai
236 2610 345 2669 contra,
363 2605 473 2673 prauis,
492 2604 573 2672 Prop.
593 2602 618 2655 Il
638 2609 685 2669 28,
705 2611 738 2657 42
758 2605 866 2670 uiuam,
885 2605 911 2657 si
929 2605 1019 2671 rsiuet;
1037 2605 1063 2658 si
1080 2606 1158 2660 cadet
1175 2607 1239 2672 illu,
1258 2608 1363 2661 eaduua

192 2694 305 2749 Ellisius
324 2711 366 2763 cp.
387 2693 466 2746 Hom.
489 2693 539 2747 Od.
558 2693 649 2748 XXIV
668 2700 728 2749 43⁶.

266 2783 382 2837 Carmen
403 2786 541 2850 nostrum,
560 2800 731 2852 quamquam
755 2783 866 2838 nominc
886 2784 997 2851 quidem
1018 2783 1053 2837 ud
1075 2782 1178 2838 Allium
1197 2784 1365 2853 detumeat,

193 2892 221 2928 re
246 2891 312 2928 uera
334 2873 429 2925 tamen
453 2872 544 2927 totum
572 2873 600 2926 in
625 2873 742 2927 Lesbiae
766 2872 898 2927 laudibus
922 2873 1091 2941 exequendis
1119 2876 1254 2928 uersatur.
1296 2874 1365 2928 Allii

191 2964 268 3017 enim
287 2962 413 3016 amicitia
430 2963 577 3030 perspecta
596 2962 776 3031 officiosaque
795 2962 969 3029 humanitas,
993 2979 1050 3030 qua
1068 2963 1116 3017 ille
1135 2963 1294 3018 amantibus
1314 2964 1364 3019 mi·

192 3054 259 3107 seris
283 3051 431 3117 succurrit,
455 3051 610 3119 iterumque
635 3068 731 3120 preces
755 3069 805 3120 pro
828 3051 953 3106 eiusdem
978 3051 1047 3105 Allii
1071 3051 1253 3122 coniugisque
1276 3053 1366 3108 salute

192 3141 346 3209 gratiarum
370 3140 431 3195 loco
456 3141 601 3208 susceptae
625 3142 705 3207 quasi
728 3141 819 3195 lineae
845 3144 922 3208 eunt,
947 3141 1048 3209 quibus
1071 3141 1224 3195 includitur
1248 3140 1366 3198 Lesbiae

193 3229 296 3284 amoris
315 3235 344 3282 et
362 3227 497 3297 temporie
516 3227 670 3281 dulcissimi
694 3248 712 3283 a
735 3232 820 3298 poeta
838 3246 901 3283 cum
925 3247 959 3284 ea
977 3231 1084 3300 peracti
1108 3231 1200 3301 imago
1225 3230 1366 3286 coloribus

194 3316 376 3372 uiuidissimis
395 3315 521 3386 depicta:
540 3316 583 3369 his
603 3315 702 3369 mediis
719 3318 845 3373 uersibus
861 3324 983 3373 11—108
998 3318 1124 3373 Catullus
1144 3319 1185 3373 its
1203 3337 1282 3374 suum
1302 3338 1365 3376 cum

193 3407 294 3461 Lesbia
312 3423 436 3461 amorem
456 3404 601 3473 describit,
626 3410 657 3458 ut
675 3409 767 3460 utrum
791 3407 922 3461 affectum
941 3405 1139 3462 suauissimurn
1163 3427 1198 3462 au
1223 3411 1366 3480 egregiam

193 3497 261 3552 artis
288 3496 417 3566 poeticae
446 3494 645 3566 perlectionem
674 3496 763 3566 magis
791 3497 936 3552 admireris
961 3498 1076 3552 nesciae.
1117 3516 1182 3552 nam
1207 3498 1289 3553 huius
1319 3502 1365 3554 de·

194 3587 354 3657 scriptionis
373 3585 500 3655 singulae
518 3585 614 3654 partes
633 3587 712 3639 tauta
731 3604 793 3639 cum
809 3604 876 3640 curu
890 3586 1030 3655 expolitae
1048 3590 1121 3654 suut,
1140 3589 1179 3653 ut,
1195 3603 1365 3658 quamquam

193 3694 248 3731 non
269 3693 355 3744 nsque
370 3675 405 3730 ad
421 3692 551 3729 uersuum
566 3691 709 3728 numerum
726 3674 779 3728 eibi
793 3675 981 3744 respondeant
995 3675 1038 3745 (ut
1052 3674 1155 3731 bouum
1171 3677 1366 3742 architectum,

194 3767 235 3820 ita
255 3769 366 3836 poetam
386 3783 441 3820 uon
460 3765 629 3819 mediocrem
654 3764 793 3818 interdum
818 3763 955 3832 quaedam
980 3766 1159 3836 neglegentia
1176 3770 1260 3835 atque
1279 3761 1367 3837 sicop-

194 3859 293 3927 μετρία
312 3856 418 3926 decet),
437 3859 532 3909 tamen
551 3859 660 3923 gratam
675 3854 880 3922 iucundamque
894 3871 990 3909 earum
1004 3857 1235 3925 aequabilitatem
1251 3857 1365 3913 habeas.

194 3947 247 4001 hac
266 3962 376 4015 quoque
395 3945 471 3999 iure
490 3944 558 4013 quin
577 3943 827 3997 Alexandrinorum
851 3943 974 4013 uestigia
997 3945 1132 4014 presserit
1150 3944 1290 4011 Catullus,
1309 3963 1366 4000 nou

195 4038 289 4106 potest
308 4034 439 4089 dubitari.
476 4050 646 4103 quamquam
666 4032 857 4101 Westphalius
876 4036 912 4102 (p.
933 4038 967 4087 73
982 4036 1054 4102 sqq.)
1077 4033 1112 4087 de
1134 4034 1216 4087 huius
1234 4034 1366 4089 carminis

195 4125 348 4179 artificiosa
366 4123 571 4196 compositione
590 4140 681 4177 meras
699 4122 819 4192 protulit
837 4139 939 4192 nugas,
963 4122 1034 4177 bene
1053 4140 1100 4176 eas
1118 4139 1137 4175 a
1155 4120 1283 4190 Rettigic
1302 4123 1365 4190 (Ca-

195 4214 316 4269 tulliana
335 4214 360 4267 ll
379 4233 407 4283 p.
430 4221 457 4268 11
477 4217 547 4283 sqq.)
567 4213 691 4267 reiectas.
730 4213 878 4281 postquam
902 4214 997 4266 autem
1020 4211 1101 4265 triete
1120 4210 1203 4275 illud,
1222 4228 1277 4278 quo
1296 4229 1365 4266 ncn-

196 4304 262 4357 dum
283 4303 349 4357 felix
368 4303 513 4357 fruebatur
531 4304 638 4370 amatu,
662 4304 772 4370 tempus
792 4301 1024 4368 conmemorauit,
1043 4315 1108 4354 mox
1125 4298 1154 4351 in
1174 4297 1274 4352 melius
1292 4299 1365 4354 illud

196 4394 335 4446 mutatum
359 4395 457 4462 aperta
481 4390 641 4447 amantibus
664 4392 810 4465 tamquam
828 4389 936 4459 refugio
956 4387 1024 4442 Allii
1046 4387 1129 4441 domo
1149 4388 1288 4458 (ll-82),
1306 4388 1365 4444 iam
