2940 4912
153 331 196 397 10
592 336 877 394 Psonesoueun.

239 503 302 563 Par
323 507 381 578 sicil
404 510 500 581 cuiqui
521 510 680 582 similisque
702 511 817 569 liberalia
840 507 943 576 Calui,

284 602 399 662 Delma
420 607 516 664 mrito
539 608 588 678 qui
610 624 666 665 seua
683 609 766 680 furia
787 609 888 668 nrodis.

241 697 318 773 Quoia
338 702 467 774 selmum
490 702 622 770 Ticidae,
645 706 715 778 quid
737 706 860 764 Memmi
883 707 1020 764 cameron?
1042 707 1122 779 apud
1144 724 1215 779 quos

284 797 383 858 Rebus
405 800 485 859 adest
507 817 611 860 ssomcn
632 805 850 877 nominibusque
866 804 980 877 pudor,

240 895 281 953 Et
303 914 426 969 quorum
448 898 532 958 libris
553 901 638 959 modo
660 902 843 961 dusinenlala
865 901 992 960 Perillae

283 993 421 1062 Nomine,
443 1014 521 1055 nunc
544 998 648 1071 lcqilur
669 1000 759 1065 dicia,
783 1000 911 1066 Metelle,
935 1004 989 1058 luo.

241 1090 337 1152 Cinna
359 1110 469 1167 qumque
490 1095 535 1155 bis
557 1113 649 1156 comcs
672 1102 712 1156 cel
734 1095 885 1170 Cinnaque
902 1099 1056 1170 procacior
1079 1094 1189 1163 Aruer,

283 1190 324 1249 Et
347 1192 408 1251 lucc
431 1191 570 1265 Cornifici
587 1211 702 1268 parque
726 1194 844 1255 Catonis
865 1213 944 1270 opus.

238 1289 273 1348 Is
295 1307 415 1363 quoque,
439 1290 601 1351 Phasiacas
623 1290 726 1366 Arqon
749 1296 799 1366 qui
821 1295 903 1353 discit
927 1297 957 1351 in
979 1294 1090 1360 icadas,

282 1386 351 1446 Non
369 1392 463 1461 politii
486 1393 601 1449 rimeris
622 1392 704 1464 surio
728 1396 820 1450 lacere
842 1410 920 1451 sesac.

237 1485 299 1544 Nec
320 1489 418 1545 minne
440 1487 580 1546 Harlerssi
601 1503 653 1547 nec
674 1494 743 1547 sient
764 1493 861 1549 minus
884 1491 1016 1564 improba
1039 1489 1124 1548 Serui

282 1582 440 1644 Carmina:
463 1588 528 1659 quis
550 1587 656 1645 alubilel
677 1590 797 1647 nornine
820 1592 902 1647 lanio
924 1591 1012 1661 sequi.

148 1681 178 1740 in
203 1682 311 1757 quibus
336 1681 466 1743 disticho
488 1682 613 1743 tertium
638 1687 668 1743 et
687 1688 828 1761 quartum
852 1685 882 1744 in
905 1685 989 1744 cedd.
1012 1685 1108 1744 locum
1133 1703 1220 1743 suum
1244 1683 1322 1743 inter

151 1798 183 1838 se
209 1784 381 1855 mutauere,
410 1781 530 1840 traiecit
556 1786 637 1842 recte
662 1782 824 1842 Peldumus
853 1783 923 1842 libri
946 1777 1053 1842 ‘roem
1076 1774 1199 1841 Erotils'
1223 1801 1252 1857 p.
1272 1782 1323 1841 35.

149 1876 275 1953 denique
304 1878 362 1938 hue
390 1882 507 1954 spectet
538 1879 589 1954 qui
623 1880 723 1955 explet
749 1899 906 1939 numerum
934 1879 1049 1938 Plinius
1078 1880 1164 1956 epist.
1192 1879 1215 1935 V
1245 1880 1320 1954 3,5

149 1975 228 2050 quod
251 1976 403 2034 interdum
427 1977 591 2036 uersiculos
623 1996 729 2053 purum
753 1995 873 2036 seueros
902 1978 993 2037 faeiat
1021 1980 1063 2036 sic
1086 1995 1243 2036 excusans:
1273 1976 1324 2036 scd

149 2090 197 2146 cqo
223 2091 333 2148 recreor,
356 2092 392 2132 nc
414 2092 459 2132 rue
483 2076 556 2133 salis
579 2076 675 2133 deceat
699 2077 776 2148 quod
797 2078 890 2135 drusii
908 2077 952 2134 Μ.
974 2075 1115 2140 Tullium,
1136 2072 1166 2132 C.
1188 2073 1322 2143 Caluum,

146 2169 285 2229 Asinium
294 2171 450 2239 Polionem,
460 2172 505 2229 M.
515 2172 686 2239 Messalam,
697 2172 728 2246 Q.
740 2173 937 2241 Horlcnsium,
948 2174 991 2231 M.
1002 2173 1140 2238 Brutum,
1151 2172 1188 2230 L.
1198 2170 1321 2238 Sullam,

147 2267 178 2342 Q.
195 2269 341 2337 Ceuclum,
362 2269 393 2344 Q.
408 2269 587 2337 Scaeuolam,
602 2269 738 2329 Seruium
751 2270 923 2345 Sulqucium,
942 2272 986 2329 M.
1009 2271 1177 2336 Varronem,
1194 2269 1321 2342 Torqua·

146 2371 216 2433 lum,
238 2370 323 2427 imnso
339 2367 508 2441 Torquatos,
523 2367 555 2427 C.
570 2369 742 2428 Maiimium
757 2417 762 2428 .
775 2416 799 2428 ..
814 2370 916 2429 diutim
930 2370 1042 2427 lulium
1058 2413 1099 2427 ...
1114 2386 1187 2440 quae
1205 2370 1323 2441 saepius

146 2482 165 2522 a
189 2465 270 2523 bonis
292 2467 380 2536 finni,
405 2467 479 2524 inlcr
502 2484 572 2539 quos
594 2468 641 2525 eccl
658 2470 817 2541 praecipue
838 2468 1037 2526 numerandus
1056 2471 1096 2525 csl
1114 2466 1146 2526 P.
1169 2465 1321 2538 Vrrqilius,

147 2560 299 2620 Cornelius
321 2561 419 2635 Nepos
442 2569 468 2621 el
485 2567 575 2637 prinis
592 2563 701 2624 Accius
718 2566 904 2637 Enniusquc:
928 2563 1011 2622 uides
1032 2563 1094 2622 sine
1113 2565 1194 2621 certo
1217 2560 1322 2621 ordine

145 2664 177 2718 et
200 2659 322 2717 consilio
345 2661 481 2737 congeri,
504 2662 556 2736 qui
578 2663 695 2721 lusibus
719 2662 908 2722 indulserunt
931 2660 1047 2737 lyricis,
1077 2660 1129 2719 sed
1152 2678 1187 2718 ex
1211 2657 1320 2734 quibus

145 2756 265 2831 plurimi
289 2755 326 2812 ed
351 2760 489 2815 nostrum
516 2759 667 2832 pertinent
690 2764 817 2834 tempus.
864 2759 915 2816 ssd
940 2758 1127 2833 singulorum
1151 2757 1231 2815 uitus
1254 2775 1321 2832 per·

145 2852 229 2927 sequi
257 2870 316 2909 non
344 2856 391 2910 est
418 2853 507 2911 huius
535 2855 593 2912 loci
621 2848 670 2930 (tu
700 2855 781 2930 uide,
805 2856 859 2929 sis,
883 2855 1021 2913 Teuffelii
1045 2848 1165 2932 HLR.):
1194 2854 1230 2913 de
1255 2856 1321 2914 uni·

145 2968 300 3008 uersorum
325 2949 494 3008 rationein
523 2951 630 3009 studiis
654 2950 749 3025 deque
777 2952 882 3009 horum
905 2951 1013 3008 effectu
1038 2954 1068 3008 et
1091 2952 1180 3024 paulo
1204 2953 1319 3011 rectius

146 3065 234 3123 (quem
259 3047 350 3122 uulgo
374 3045 409 3105 fit
431 3051 462 3105 et
485 3065 551 3106 eum
575 3047 707 3106 utilitate
730 3047 778 3106 hio
801 3047 1007 3121 disputaturus
1031 3046 1104 3103 mihi
1126 3040 1278 3127 uideor*).

233 3138 394 3204 ‘Cantores
418 3137 635 3219 Euphorionis'
664 3163 730 3203 cum
759 3142 953 3216 contemptim
982 3146 1069 3201 uocet
1093 3142 1195 3202 Cicero
1224 3165 1319 3209 nouos

146 3251 264 3321 poetes,
287 3246 376 3302 uocet
399 3242 524 3301 seruiles
543 3241 711 3301 imitatores
730 3240 817 3298 nimis
837 3237 1021 3298 eruditorum
1042 3244 1072 3299 et
1091 3260 1163 3316 pree
1182 3242 1320 3305 doctrine

146 3361 234 3419 seepe
249 3341 452 3415 obscurorum,
462 3340 492 3397 in
507 3338 607 3397 uerbis
622 3338 785 3412 metuisque
800 3336 936 3394 mollium
951 3342 982 3396 et
995 3339 1075 3397 iusto
1089 3340 1318 3415 exquisitiorum

146 3439 425 3512 Alexandrinorum,
448 3436 537 3512 idque
556 3438 694 3510 respectu
717 3433 806 3491 Ennii
828 3434 961 3492 musculo
982 3435 1088 3494 robore
1108 3440 1138 3494 et
1158 3454 1231 3495 suns
1248 3439 1319 3497 sim-

144 3538 278 3615 plicitate
307 3534 464 3595 eminentis
493 3525 567 3613 (non
594 3535 675 3591 reete
703 3531 739 3588 do
769 3530 928 3605 opprobrio
956 3532 1008 3591 illo
1035 3532 1215 3593 iudicauisse
1243 3536 1319 3595 mibi

144 3635 265 3695 uidetur
287 3631 452 3691 bleinelrius
476 3631 553 3689 unul.
572 3629 655 3688 Alex.
680 3647 707 3702 p.
724 3629 764 3685 24
781 3621 849 3704 sq).
893 3627 1025 3687 uitantes
1048 3632 1149 3688 sutem
1173 3631 1262 3705 uitis,
1285 3634 1319 3693 in

144 3751 219 3809 quse
234 3728 363 3789 Laeuius
382 3728 534 3801 incideret
549 3725 676 3802 optimos
693 3723 962 3783 Alexandrinorum
978 3730 1008 3785 et
1023 3727 1212 3802 potissimum
1227 3730 1316 3791 Celli-

143 3829 280 3889 machum
307 3826 351 3885 ite
378 3825 577 3899 sequebantur
599 3822 669 3881 noui
691 3828 809 3897 poetae,
838 3826 872 3878 ut
899 3839 956 3878 nou
983 3824 1160 3883 mediocrem
1186 3846 1310 3903 operum

145 3929 175 3987 in
198 3924 363 4003 praeceptis
392 3922 456 3982 eius
479 3922 557 3980 circe
579 3919 681 3995 poesin
706 3917 895 3977 uersentibus
925 3921 1137 3993 cognoscendis
1160 3931 1317 3997 ponerent,

221 4105 246 4175 *)
268 4103 425 4175 fragments
443 4116 533 4172 purten
557 4114 628 4168 quus
647 4114 681 4151 ex
700 4093 802 4150 Catulli
825 4094 984 4161 uuquulium
1009 4098 1146 4164 poematis
1165 4110 1320 4170 supersunt

149 4186 265 4259 collegit
278 4181 450 4239 [Muellerus
463 4181 482 4234 l.
496 4182 514 4234 l.
533 4194 584 4234 nee
599 4182 672 4233 rectu
691 4175 803 4229 omnino
818 4191 892 4241 quitur
909 4174 1027 4227 luceius
1047 4186 1073 4229 et
1093 4178 1197 4235 bletius
1216 4185 1251 4238 nil
1268 4202 1317 4240 ρος

147 4254 375 4338 ηου“ρεήὶιιουί)
393 4278 443 4318 uec
461 4276 528 4316 uero
547 4259 637 4329 pleno.
666 4255 738 4310 edile
753 4253 934 4323 bllluuptiuru
951 4271 1044 4322 opusc.
1062 4258 1069 4309 1
1091 4275 1117 4325 Ρ,
1134 4264 1149 4311 ε
1155 4267 1183 4312 11
1201 4280 1262 4331 sqq·
1280 4265 1317 4319 de

150 4347 183 4415 Q.
202 4346 293 4402 Mucio
313 4342 460 4410 Scaeuola,
484 4358 534 4395 rios
557 4340 585 4395 in
604 4333 719 4393 Miscell.
739 4333 804 4389 erit.
826 4353 850 4403 p.
869 4340 900 4385 le
916 4352 974 4400 sqq.
1050 4353 1150 4390 nsum„
1171 4342 1317 4399 collectio,

151 4447 215 4485 nem
233 4425 302 4483 olibi
321 4420 523 4490 exhibebimus,
541 4418 566 4474 si
585 4418 614 4474 di
632 4416 735 4472 fouent.
