2940 4912
218 278 280 342 180
707 277 796 332 xxix
817 285 892 333 1-s.

215 440 393 509 opponuntur
418 437 571 493 minoribns
597 435 658 491 istis
687 436 872 508 degeneribus
901 438 930 492 et
958 432 1113 506 pituitam.
1156 437 1310 491 notandum
1339 438 1392 501 est,

219 527 360 581 Catullum
379 526 463 597 plane
482 530 515 580 ut
528 527 683 598 Vergilium
699 530 768 583 Aen.
784 528 795 581 I
810 534 862 583 293
882 527 966 582 Remo
985 544 1045 581 cum
1063 529 1153 594 fratre
1172 526 1308 596 Quirinus
1325 527 1394 580 iura

218 616 324 670 dubunt
342 616 372 671 et
390 615 471 685 Prop.
492 615 528 669 IV
550 623 574 685 1,
594 622 609 669 9
633 618 753 684 fratrum
771 619 894 671 maxima
913 632 998 685 regna
1016 614 1143 686 geminos
1162 630 1218 668 aaa
1241 616 1394 684 regnantes

215 705 308 760 facere
328 705 373 773 (cl.
395 707 424 757 et
441 703 629 758 Mommseuns
649 705 768 760 Hermae
788 704 852 758 XVI
876 724 903 774 p.
919 708 978 774 20);
1003 704 1076 759 unde
1101 703 1293 772 intellegimus
1317 703 1393 772 quad

215 795 289 848 idem
309 795 450 848 Romanos
469 811 542 848 unna
562 793 698 848 ‘Romuli'
720 794 818 863 (XLIX
839 799 867 861 1,
886 793 921 849 cf.
941 796 970 848 et
988 793 1106 848 XXXIV
1125 796 1183 861 22),
1203 810 1276 847 nuuc
1297 792 1393 847 ‘Remi

216 883 343 952 nepotes’
371 881 469 952 (LVIII
488 886 515 951 5)
541 884 627 937 uocat
649 882 709 938 siue
732 884 792 938 ulla
816 883 929 938 omnino
957 882 1141 954 turpitudinis
1164 884 1246 949 uota;
1272 899 1345 951 quae
1369 881 1394 935 si
1444 903 1449 909 ·

215 972 305 1041 adest,
317 970 438 1026 efficitur
452 987 485 1025 ex
499 988 529 1025 re
543 972 605 1042 ipsa
620 973 649 1027 et
663 972 773 1041 priscae
787 972 946 1028 sanctitatis
961 971 1170 1042 praesentisque
1181 969 1395 1042 depranationis

217 1061 401 1131 oppositione.
439 1059 473 1116 ci.
493 1062 522 1115 et
540 1060 730 1116 Mommseuns
750 1060 816 1115 libri
836 1061 937 1116 troam.
957 1061 1101 1116 Muenna)
1123 1080 1149 1130 p.
1165 1066 1225 1116 642.

292 1149 431 1220 Scriptum
453 1151 508 1215 est,
528 1151 560 1203 ut
578 1148 686 1205 itineris
706 1149 848 1218 Bithynici
866 1149 972 1205 meutIo
992 1149 1086 1218 docet,
1105 1150 1159 1204 hoc
1177 1166 1290 1204 carmen
1309 1165 1333 1203 a.
1350 1153 1396 1217 55,

216 1255 279 1293 cam
297 1241 383 1308 poeta
402 1239 507 1294 Itomae
527 1255 590 1292 cum
610 1239 729 1293 Fabullo
748 1244 778 1293 et
797 1237 918 1293 Veranio
938 1239 1101 1294 conueniret
1119 1241 1214 1309 (supra
1232 1257 1258 1308 p.
1274 1240 1330 1307 81).

740 1393 864 1449 m.

289 1504 317 1559 1.
341 1505 409 1573 quis
432 1506 534 1575 potest
557 1503 639 1575 patlt
680 1505 766 1560 solita
787 1504 990 1575 indignationis
1014 1504 1148 1574 formula,
1170 1505 1200 1559 in
1224 1521 1280 1574 qna
1305 1504 1391 1574 ‘pati‘

218 1596 261 1649 cst
286 1595 443 1664 ‘patienter
466 1596 565 1664 ferre'‚
589 1597 621 1649 nt
644 1593 671 1649 iu
694 1594 752 1649 illis
776 1595 918 1649 Musarum
942 1595 1065 1663 deliciis,
1085 1595 1195 1650 Laberii
1219 1594 1337 1665 prologo
1360 1602 1392 1648 11

217 1685 350 1738 hominem
368 1701 410 1738 me
432 1686 577 1754 deisegare,
605 1685 666 1753 quis
684 1689 776 1753 posset
794 1686 871 1753 pati;
890 1682 965 1739 XLII
984 1691 1009 1739 5.
1029 1715 1062 1724 -
1086 1684 1115 1739 2.
1140 1684 1199 1739 nlsl
1223 1683 1396 1753 lurpudlcus

218 1774 249 1827 ct
266 1787 362 1828 uorax
387 1774 418 1828 st
440 1772 519 1828 aleo.
556 1776 706 1828 concernat
725 1773 754 1828 C.
775 1773 871 1828 omnia
894 1773 920 1827 in
941 1774 1087 1828 Caesarem
1107 1773 1270 1843 opprobria,
1291 1773 1396 1842 quibus

218 1878 282 1915 eum
301 1864 399 1932 utpote
419 1862 510 1931 ipsum
530 1862 653 1917 moribus
673 1861 793 1917 similem
808 1863 966 1917 Mamurrae
986 1865 1134 1931 tantopere
1153 1861 1300 1931 indulgere
1319 1862 1396 1931 opti-

218 1951 291 2002 neat.
329 1952 358 2004 et
378 1949 573 2019 ‘inpudicum'
599 1951 659 2004 siue
682 1950 827 2020 pathicum
852 1950 898 2018 (cf.
922 1952 958 2005 ad
977 1950 1028 2004 XV
1048 1955 1075 2019 t)
1099 1951 1184 2005 fuisse
1204 1950 1320 2018 Iulium,
1337 1968 1397 2006 non
1456 1944 1459 1949 ¹

219 2035 380 2106 infrequens
400 2037 556 2092 conuicium
576 2040 650 2104 erat,
670 2043 702 2092 ut
720 2038 805 2108 longa
828 2039 988 2093 narratione
1013 2038 1127 2109 exponit
1146 2038 1295 2093 Suetonius
1314 2037 1396 2095 Caes.

219 2131 266 2194 49,
290 2126 338 2180 ubi
364 2125 529 2182 adferantur
552 2125 691 2182 notissimi
714 2127 834 2181 militnm
859 2127 888 2181 in
912 2128 1054 2197 triumpho
1079 2127 1238 2182 canentium
1261 2127 1397 2184 uersiculi

221 2213 332 2271 Gallias
359 2217 460 2272 Caesar
485 2218 604 2287 subegit,
635 2217 793 2272 Nicomedes
819 2217 961 2272 Gaesarem
987 2219 1053 2271 ectr.
1084 2215 1128 2286 (ci.
1156 2219 1185 2271 et
1210 2216 1266 2271 Cic.
1292 2216 1396 2288 fragm.

218 2321 245 2374 p.
261 2310 313 2359 468
334 2304 393 2372 Or,
416 2304 470 2360 Dio
490 2305 518 2360 C.
537 2304 625 2360 XLIII
649 2312 697 2375 20,
720 2306 793 2361 iufra
816 2305 916 2375 LVII),
940 2303 1024 2360 simul
1047 2307 1143 2360 tamen
1166 2304 1231 2360 huic
1254 2307 1396 2362 uocabulo

220 2392 298 2448 notio
317 2393 462 2449 muliebris
481 2395 636 2464 patientiae
655 2395 696 2449 ita
714 2396 800 2463 inest,
827 2397 859 2449 ut
878 2412 972 2450 uemm
994 2395 1084 2448 uirum
1103 2393 1296 2464 indignatione
1315 2395 1397 2450 luxu·

219 2482 276 2536 riae
296 2482 502 2538 Mamurrianac
521 2483 624 2554 corripi
649 2485 749 2540 debere
773 2486 920 2541 innuatur:
944 2483 1011 2539 Sall.
1032 2483 1090 2538 cat.
1111 2488 1154 2552 20,
1173 2490 1188 2538 9
1213 2486 1275 2553 quis
1292 2493 1396 2541 morta·

220 2572 301 2639 tium,
332 2573 379 2626 cui
401 2573 483 2627 uirile
506 2574 647 2643 ingenium
670 2576 753 2642 inest,
777 2576 891 2629 tolerare
910 2578 1012 2642 potest,
1035 2574 1092 2626 iltis
1115 2574 1232 2627 diuitias
1254 2590 1397 2643 asperare,

219 2677 288 2730 quas
302 2663 480 2730 profundant
498 2664 529 2716 iu
548 2664 697 2719 extruendo
716 2665 788 2718 mari
812 2671 837 2718 et
855 2663 991 2718 montibus
1010 2660 1211 2731 coaequandis?
1247 2661 1281 2715 de
1301 2661 1397 2718 edaci·

219 2752 279 2802 tate
299 2750 425 2805 Caesaris
444 2751 483 2804 nil
509 2755 620 2806 constat
639 2755 701 2820 (nec
720 2753 788 2807 satis
807 2753 861 2806 huc
880 2752 1003 2821 pertinet
1020 2753 1120 2821 utpote
1139 2751 1167 2804 in
1186 2766 1263 2805 more
1281 2752 1396 2821 peruul-

220 2841 289 2908 gato
308 2839 343 2893 de
362 2840 471 2893 uomitu
500 2841 709 2895 narratiuncula
733 2859 778 2912 ap.
800 2840 855 2895 Cic.
875 2841 910 2895 ad
930 2841 989 2895 Att.
1008 2839 1074 2895 XIII
1094 2845 1140 2906 tt,
1163 2845 1200 2908 1):
1226 2841 1334 2894 ‘uorax'
1354 2841 1397 2896 nil

221 2926 298 2979 alind
326 2944 410 2995 quam
434 2927 463 2980 iu
488 2928 648 2983 uniuersum
672 2930 820 3000 designare
844 2930 956 2984 uidetur
977 2943 1140 3000 ganeonem.
1180 2945 1230 2983 neo
1253 2928 1333 2983 illum
1353 2929 1397 2986 ia·

222 3014 340 3069 dulsisae
360 3014 439 3070 aleae
462 3015 529 3070 ludo
554 3019 628 3087 apud
653 3018 793 3074 Romanos
817 3018 927 3090 legibus
951 3018 1041 3072 uetito
1060 3017 1266 3088 (llarqnardtua
1287 3019 1395 3089 antiqq.

220 3104 336 3174 priuatt.
361 3123 388 3174 p.
404 3109 456 3158 826
465 3105 487 3173 ²)
510 3124 583 3160 nunc
607 3108 718 3174 quidem
743 3111 819 3162 certo
844 3108 954 3162 scimus.
991 3122 1160 3175 quamquam
1179 3122 1229 3160 uec
1248 3106 1395 3176 epularum

223 3192 337 3248 delicias
356 3211 409 3248 nec
427 3192 518 3248 lusum
544 3196 622 3250 aleae
641 3198 688 3266 (ct.
708 3198 816 3253 celebre
837 3197 942 3251 dictum
963 3197 1037 3250 iaetu
1055 3201 1109 3250 esto
1127 3197 1199 3263 alea)
1219 3211 1237 3248 a
1254 3195 1319 3249 Iulii
1336 3213 1396 3252 mo·

221 3281 297 3335 ribus
317 3282 466 3337 abhorrere
486 3300 581 3338 uerum
602 3288 658 3354 cst,
678 3289 710 3340 ut
728 3286 856 3355 equidem
876 3302 974 3340 uerear
992 3287 1105 3353 poetam
1121 3286 1245 3338 nostram
1260 3283 1396 3340 falsarum

225 3370 339 3425 omniuo
362 3373 586 3428 criminationum
608 3392 684 3429 reum
704 3376 809 3442 facere;
832 3391 883 3430 nec
903 3375 976 3429 enim
995 3375 1039 3427 est
1055 3371 1292 3441 obliuiscendum,
1311 3392 1395 3444 quam

224 3477 309 3531 saepe
332 3461 403 3516 talia
429 3462 458 3516 in
483 3463 616 3518 conuiciis
644 3466 822 3535 copulentur:
850 3464 974 3519 Naeuius
999 3479 1068 3518 com.
1095 3467 1144 3516 118
1163 3461 1196 3516 R.
1217 3464 1397 3532 pessimorum

222 3553 349 3620 gessisse,
368 3553 478 3621 sudas,
495 3570 594 3623 ganeo,
615 3555 713 3621 lustro,
733 3555 791 3609 aleo
810 3552 869 3622 (ubi
887 3552 985 3606 itidem
1004 3549 1123 3621 priscum
1143 3549 1215 3604 illud
1234 3550 1322 3605 ‘aleo’
1343 3568 1395 3621 pro

223 3657 256 3694 eo
275 3641 349 3708 quod
369 3644 467 3709 postea
482 3643 606 3712 optinuit
621 3644 750 3698 ‘aleator'
767 3643 874 3710 habes),
896 3640 950 3695 Cic.
966 3639 1037 3695 Phil.
1053 3638 1115 3692 Xlll
1133 3646 1173 3706 11,
1188 3645 1223 3693 24
1242 3641 1273 3694 in
1291 3641 1396 3706 tastris,

218 3731 345 3797 popinis,
365 3731 438 3794 alea,
456 3733 524 3786 uino
543 3738 646 3802 tempus
665 3734 764 3786 aetatis
782 3748 858 3785 mnne
876 3730 1141 3797 manumissa-
1161 3728 1191 3782 8.
1210 3728 1393 3783 lamnmn

222 3816 346 3872 habere.
376 3818 445 3873 Vlia.
466 3819 491 3872 h.
509 3837 535 3873 n.
557 3820 671 3875 XXXVI
690 3826 724 3875 48
739 3821 862 3890 primum
880 3819 984 3873 Boutae
998 3819 1120 3886 parietes
1138 3822 1233 3871 maesta
1250 3819 1397 3872 marmoris

223 3908 359 3976 operuisse
382 3913 450 3962 totos
473 3910 568 3964 dontius
591 3927 657 3964 suae
679 3912 711 3964 in
730 3911 821 3965 Caelio
839 3913 927 3962 monte
947 3906 1088 3961 &raetiae
1106 3905 1199 3974 Nepos
1222 3907 1311 3960 tradit
1330 3907 1392 3960 dla-

222 4014 352 4062 miseram¹
374 3995 498 4052 Formiis
516 4006 613 4054 natum
632 3999 711 4070 [Hor.
731 3999 782 4052 sat.
801 3999 809 4050 I
830 4004 855 4064 5,
875 4001 908 4049 37
928 3993 1050 4048 Formias
1069 3994 1161 4047 urbem
1183 3995 1395 4048 litamurrarum

223 4087 334 4158 uocat]‚
352 4088 465 4156 equitem
485 4086 657 4155 Romanum,
672 4089 841 4156 praefectiani
859 4085 970 4152 [atrum
990 4080 1018 4135 0.
1039 4079 1166 4136 Caesaris
1183 4083 1216 4136 in
1234 4082 1344 4150 Gallia,
1362 4101 1397 4138 ne

224 4177 291 4244 quid
316 4177 481 4246 indignitati
507 4177 589 4243 desit,
614 4178 666 4231 tali
691 4181 801 4231 auctore
824 4175 938 4227 inuenta
964 4185 1000 4222 re.
1041 4169 1070 4221 et
1094 4169 1130 4222 ad
1157 4169 1229 4224 hauc
1255 4171 1395 4226 luxuriam

225 4264 357 4331 hominis,
377 4283 459 4334 quem
480 4265 636 4334 potentium
654 4263 830 4334 indulgentia
848 4260 883 4314 ad
903 4273 1023 4312 summas
1043 4258 1171 4323 prouexit
1190 4275 1266 4328 opes,
1285 4260 1399 4316 adludit

224 4352 311 4406 ctiam
332 4353 388 4408 Cic.
409 4355 444 4409 ad
464 4356 522 4411 Att.
543 4354 593 4409 Vll
613 4361 638 4424 7,
657 4362 673 4408 6
696 4359 721 4409 et
739 4351 860 4407 Labieni
881 4346 997 4400 diuitiae
1020 4348 1044 4395 et
1063 4343 1227 4400 Mamurrae
1240 4349 1353 4416 placcat
1371 4357 1397 4406 et
