2940 4912
624 309 715 364 xxix
734 315 848 365 sr-sr.
1261 313 1324 377 183

161 480 196 538 21,
215 481 226 526 1
246 474 309 526 uiui
324 473 427 541 puellis
449 489 538 542 nuper
556 471 688 526 Adoneus
714 471 759 540 (of.
779 470 856 526 lectt.
875 472 942 525 Hor.
962 491 989 541 p.
1006 475 1058 542 17).
1096 473 1131 525 ad
1151 490 1209 527 rern
1229 476 1324 528 autem

158 562 224 630 quod
248 561 364 627 attinet,
395 561 561 616 oblitterata
591 560 662 616 casti
687 561 764 615 illins
791 563 926 616 amatoris
951 562 1068 616 Veneris
1094 560 1217 632 imagine
1244 563 1324 618 Adon

157 651 287 706 interdms
306 653 425 706 uocatur
448 650 540 720 quiuis
564 650 728 704 adulescens
746 651 875 719 pulcher,
899 651 1067 705 feminarum
1091 650 1208 706 deliciae
1233 655 1324 706 socta-

156 746 259 809 tcrque;
287 757 372 809 quam
396 741 425 793 in
448 738 682 808 significationem
708 738 763 792 iarn
789 739 1017 795 Schneidewinus
1041 739 1142 795 Philol.
1162 739 1201 793 Ill
1224 759 1252 809 p.
1271 747 1324 795 254

155 832 206 884 not
228 845 271 899 cp.
294 829 410 883 Lucina.
434 829 460 882 d.
486 844 553 882 mer.
579 833 607 894 7,
632 834 648 881 3
672 824 829 889 καθεύδεις
852 825 923 897 μετὰ
947 829 997 883 τοῦ
1018 824 1166 891 Ἀδώνιδος
1188 827 1323 898 Χαιρέου,

155 917 285 973 Aristaen.
311 918 322 970 Ι
346 921 363 970 8
388 913 463 970 ἔστιν
486 911 574 978 αὐτὸς
596 911 791 983 περιπόθητος
808 911 922 978 ’Ἄδωνις
947 923 1009 978 ταῖς
1033 913 1171 985 ἑταίραις,
1196 919 1322 988 Aleiphr.

155 1007 223 1074 1³93
248 1009 278 1061 et
300 1007 340 1060 sic
359 1006 441 1074 Prop.
461 1003 473 1056 1
494 1011 539 1071 13,
561 1010 592 1057 12
618 1021 652 1057 ex
675 1003 870 1059 emendatione
895 1008 991 1060 nostra
1008 1023 1057 1061 nec
1075 1024 1150 1061 noeto
1167 1011 1323 1077 annuendo

152 1114 247 1168 uesper
263 1096 375 1150 Adonis
397 1095 458 1148 eris.
496 1094 595 1162 quodsi
619 1094 692 1147 hunc
715 1093 889 1162 praelectum
911 1094 1035 1163 fabrum,
1059 1096 1199 1162 Fortunae
1223 1097 1323 1164 filium,

152 1187 238 1241 animo
252 1185 334 1241 nobis
349 1184 479 1254 fingimus
497 1182 584 1237 fnisse
604 1184 728 1236 staturae
743 1199 862 1251 magnae
879 1181 964 1252 (CXV
979 1187 1015 1253 7),
1031 1185 1180 1240 macellum
1196 1186 1283 1255 (LXll
1293 1190 1321 1254 6)

151 1293 191 1331 ora
215 1274 345 1340 foedum,
372 1274 515 1342 singulare
541 1289 660 1326 acumen
685 1271 808 1326 nascitur
833 1272 917 1340 hocs,
945 1273 1019 1342 quod
1048 1274 1115 1329 talis
1144 1276 1228 1331 homo
1256 1276 1321 1331 solis

150 1365 245 1435 opibus
265 1365 325 1419 suis
344 1362 450 1430 effecit,
476 1364 507 1415 ut
525 1359 698 1416 mulierculis
722 1362 850 1415 omnibns
874 1365 1019 1431 tamquam
1041 1362 1156 1418 Veneris
1175 1364 1321 1419 columbus

148 1455 234 1510 mollis
255 1453 416 1521 nitidusque
436 1455 486 1504 aut
505 1449 694 1504 formonsulus
713 1448 822 1520 puellas
846 1452 921 1504 esset
942 1452 1040 1519 gratus
1064 1454 1259 1521 acceptusque.
1285 1485 1320 1495 -

147 1543 271 1614 repetitis
296 1559 341 1596 nu.
362 1538 576 1594 intercalaribus
600 1539 653 1607 (ita
676 1538 700 1593 si
719 1539 863 1608 appellare
882 1538 950 1592 licet
967 1537 1146 1594 iterationem
1166 1559 1239 1595 mere
1258 1543 1320 1597 rhe-

146 1634 272 1700 toricam)
292 1633 349 1686 iam
366 1629 469 1685 transit
482 1632 567 1699 poeta
581 1629 617 1683 ad
632 1627 878 1683 demonstrandam
892 1626 1098 1697 indulgentiae,
1117 1645 1174 1698 qua
1192 1633 1321 1700 potentes

146 1724 313 1779 Mamurram
331 1723 552 1791 prosequuntur,
571 1717 783 1773 absurditatem.
812 1734 913 1786 sequar
931 1719 1026 1771 autem
1044 1718 1072 1771 in
1087 1717 1320 1788 interpretatione

145 1813 267 1867 ordinem
287 1826 420 1864 uersuum
439 1810 469 1862 in
486 1810 565 1862 textu
584 1823 646 1862 meo
666 1806 835 1874 exhibitum,
854 1806 926 1860 infra
944 1806 973 1860 in
993 1806 1047 1861 fine
1061 1805 1144 1861 huius
1162 1809 1317 1880 transposi-

144 1901 225 1957 tionis
244 1899 385 1954 rationem
405 1897 572 1951 redditurus.
586 1927 621 1936 -
640 1895 688 1950 21.
708 1895 780 1962 quid
801 1894 881 1950 bunc
899 1896 1011 1950 malum
1031 1894 1160 1951 lanetlat
1189 1915 1319 1966 peruerse

144 1990 207 2044 olim
228 1986 369 2041 ‘malum’
395 1985 588 2055 parenthetice
611 2001 661 2053 pro
684 1983 880 2038 interiectione
903 1988 1083 2053 acceperunt,
1108 2002 1149 2053 cp.
1171 1984 1226 2040 Cic.
1246 1986 1318 2042 Pbil.

146 2077 215 2143 Η,
236 2081 270 2130 18
289 2091 360 2145 quoe
380 2075 507 2143 (malum)
524 2080 562 2128 est
580 2076 636 2129 iata
653 2071 747 2128 ratio?
772 2071 897 2140 aliaque;
921 2076 997 2127 recte
1016 2073 1184 2128 recentiores
1207 2078 1321 2130 sumunt

144 2164 321 2221 substantiue
339 2163 476 2233 positum,
497 2166 528 2217 nt
546 2162 568 2215 V
591 2169 632 2230 12,
653 2160 741 2216 LlllV
763 2167 821 2228 175,
841 2163 909 2216 Aen.
930 2163 941 2216 l
960 2168 1020 2216 362.
1058 2164 1161 2232 plurali
1182 2164 1317 2219 ‘fosetis’

145 2272 213 2310 unna
233 2252 263 2310 C.
283 2254 387 2321 utitur,
406 2251 474 2321 quia
492 2254 582 2307 totam
601 2253 759 2305 Mamurrae
780 2252 918 2306 luxuriam
933 2253 1018 2306 altius
1038 2252 1103 2306 inde
1122 2254 1159 2307 ab
1174 2252 1256 2307 initio
1271 2270 1317 2308 ex-

143 2346 298 2414 agitaturus
320 2360 378 2397 non
400 2342 492 2396 solum
514 2341 653 2406 Caesaris,
678 2340 727 2394 sed
751 2340 836 2395 etiarn
860 2339 976 2410 Pompei
1000 2341 1137 2396 beneficia
1160 2341 1262 2412 tangit.
1284 2375 1316 2383 —-

144 2432 189 2505 21,
202 2432 251 2488 Ξ.
270 2432 326 2487 ant
344 2430 417 2498 qnid
436 2430 486 2484 lrlc
505 2431 606 2499 potest
624 2429 685 2484 nlsl
698 2430 791 2484 uncta
805 2429 953 2486 deuorare
969 2431 1163 2499 patrlnronla.
1192 2431 1225 2486 de
1244 2433 1316 2486 ‘aut'

146 2521 303 2592 lladuigins
323 2537 418 2590 opusc.
433 2518 445 2571 Ι
462 2537 489 2587 p.
503 2524 568 2573 456:
590 2519 837 2586 ‘quemadmodum
855 2521 883 2573 in
902 2519 1043 2589 negatinis
1063 2521 1209 2574 sententiis
1224 2520 1318 2576 Latini

144 2628 222 2681 nepe
240 2610 410 2678 disiungunt
428 2625 499 2677 quae
518 2608 599 2662 nobis
626 2607 822 2677 coniungenda
840 2608 983 2675 uidentur,
1003 2610 1044 2663 sic
1063 2610 1137 2665 idem
1156 2611 1185 2664 in
1206 2612 1315 2666 senten·

145 2701 188 2753 riis
205 2697 419 2768 interrogatiuis
439 2698 474 2751 ad
494 2697 672 2765 negationem
692 2696 894 2751 inclinantibus
914 2701 963 2751 aut
980 2697 1213 2767 improbationem
1232 2699 1316 2771 signi-

145 2790 286 2843 ficantibus
306 2789 366 2841 lieri
382 2787 500 2854 uidetur,
516 2787 564 2840 ubi
579 2786 702 2856 disiungi
718 2787 846 2840 notiones
860 2789 935 2841 recte
950 2788 1079 2856 possint’.
1109 2789 1142 2842 cf.
1160 2787 1233 2841 cvll
1245 2796 1273 2856 7;
1289 2789 1317 2843 in

145 2879 289 2932 subiuncta
305 2876 468 2946 praesertim
481 2877 653 2930 accuratiore
669 2875 829 2930 definitione
842 2877 913 2929 ‘aut'
926 2877 1084 2943 adhibetur,
1095 2881 1127 2930 ut
1137 2882 1203 2932 Aen.
1217 2877 1254 2932 111
1267 2885 1316 2933 187

145 2975 221 3035 (162).
249 2967 381 3036 ‘potest',
397 2965 458 3031 seit,
473 2966 565 3018 callet.
596 2966 714 3033 ‘unctn’,
731 2966 808 3018 lautu
823 2968 851 3017 et
866 2963 969 3034 opima,
985 2967 1016 3018 ut
1030 2966 1096 3019 Hor.
1108 2966 1210 3036 epist.l
1227 2973 1267 3035 14,
1284 2975 1314 3020 21

144 3066 170 3110 et
188 3065 227 3126 15,
247 3063 283 3111 44
303 3061 333 3109 at
354 3061 394 3121 17,
416 3061 456 3108 12.
496 3054 635 3124 ‘patrim'
657 3072 711 3108 non
731 3056 822 3108 solum
843 3055 915 3109 bona
934 3058 1063 3123 paterna,
1088 3056 1137 3109 sed
1156 3072 1237 3109 sensu
1257 3073 1315 3110 arn·

145 3149 226 3215 pliore
254 3162 344 3201 nouas
370 3161 495 3212 quasque
522 3160 590 3212 opes
616 3143 776 3213 designant,
805 3147 835 3196 ut
862 3160 894 3197 ex
920 3144 1102 3212 sequentibus
1128 3147 1218 3214 patet;
1247 3146 1316 3199 bene

145 3236 256 3306 t'nlpius
282 3254 326 3304 cp.
351 3232 407 3287 Cic.
432 3232 501 3288 Phil,
523 3234 546 3286 11
572 3239 615 3300 27,
635 3239 667 3286 67
694 3249 749 3287 uon
773 3234 851 3287 sinodo
874 3235 958 3286 senius
978 3235 1248 3301 patrimonium...‚
1271 3237 1317 3288 sed

144 3329 215 3381 urbes
233 3332 259 3380 et
279 3341 365 3394 renna
380 3323 500 3378 celeriter
516 3328 596 3376 tauto
610 3324 732 3391 aequitio
746 3324 878 3376 dezeorore
892 3324 1025 3391 putruisset
1041 3327 1070 3378 et
1084 3324 1185 3376 inuect.
1203 3325 1230 3376 in
1246 3324 1316 3378 Sall.

144 3421 216 3479 1,·20
242 3415 336 3477 modo,
362 3414 488 3481 inquom,
507 3412 678 3479 patrimonio
701 3428 758 3465 ιιοιι
781 3428 895 3478 corrreso,
921 3414 967 3465 sed
990 3413 1120 3466 deuorato
1148 3418 1192 3478 (=
1213 3412 1315 3480 raptim

143 3506 287 3575 dissipato)
307 3503 408 3572 palbras
426 3502 582 3555 rationibus
600 3507 707 3568 repente
725 3503 816 3567 tuctus
834 3519 860 3555 es
880 3508 935 3555 torn
956 3503 1061 3568 alluens
1080 3505 1104 3553 et
1123 3506 1178 3553 tom
1200 3501 1315 3554 beatus?

144 3626 172 3635 -
191 3595 242 3665 22,
262 3592 311 3647 24.
336 3606 412 3646 eone
430 3591 550 3645 nornine
570 3590 656 3645 urbis
680 3590 909 3660 opulentissime
933 3604 1026 3657 gerrcr
1050 3603 1196 3656 socerque
1214 3590 1313 3658 perdt-

144 3685 228 3739 ustis
248 3678 369 3738 omnint
407 3697 461 3734 non
482 3681 517 3733 ad
537 3680 631 3749 priora
650 3679 735 3748 (qirod
754 3698 852 3749 parurn
872 3681 947 3734 recte
967 3680 1021 3748 fit),
1049 3679 1096 3732 sed
1116 3679 1316 3748 adaequantia

143 3778 175 3841 in.
194 3781 224 3827 13
246 3772 316 3839 ‘ut')
335 3770 409 3824 refer
424 3770 504 3823 ‘eone
523 3769 658 3837 nomine’,
678 3771 704 3822 h.
720 3786 742 3823 e.
763 3787 859 3823 eamne
880 3770 915 3823 ob
932 3785 1044 3822 causam
1064 3768 1109 3835 (ef.
1130 3787 1171 3823 ex.
1187 3788 1226 3838 gr.
1242 3769 1313 3825 Vell.

146 3863 200 3917 l'at.
220 3862 247 3915 ll
269 3866 334 3924 104,
354 3863 389 3927 2).
430 3858 537 3912 ‘urbis'
559 3859 645 3927 uulgo
666 3877 729 3912 curn
750 3859 874 3912 ‘omnia'
896 3857 1027 3927 iungunt3
1047 3859 1096 3912 sed
1115 3877 1177 3912 cum
1197 3858 1314 3913 diuitiae

144 3950 323 4020 profluxerint
341 3967 374 4003 ex
394 3948 480 4002 uariis
500 3949 574 4002 orbis
594 3951 730 4001 terrarum
748 3948 874 4016 inertibus
889 3947 1013 4002 subactis
1029 3952 1164 4015 (lo-19),
1184 3948 1313 4000 absoluto

144 4048 231 4096 sutem
252 4040 366 4094 dicatur
385 4037 489 4105 ubique
509 4037 620 4091 ‘omnia
639 4038 770 4107 perderc'
791 4038 857 4106 (iarn
880 4037 996 4105 Vulpins
1016 4055 1057 4106 cp.
1078 4037 1133 4092 Cic.
1154 4038 1190 4090 ud
1210 4037 1267 4089 Att.
1288 4036 1312 4088 ll

146 4137 188 4197 tl,
209 4139 221 4185 l
246 4132 297 4200 qui
317 4129 419 4182 Catoni
438 4129 506 4181 irati
523 4128 616 4182 omniu
635 4129 830 4196 perdiderunt,
851 4127 919 4195 Nep.
940 4127 1018 4180 Eum.
1038 4134 1063 4193 8,
1083 4133 1098 4179 2
1117 4145 1167 4180 suo
1188 4128 1313 4194 interrepe-

145 4222 234 4275 mtiu
258 4220 401 4286 crinitaque
425 4218 536 4272 licentio
560 4223 591 4270 ut
614 4219 707 4271 onznia
728 4218 861 4284 perdant,
886 4217 945 4270 Liu.
965 4216 1052 4285 praei.
1071 4216 1234 4269 (teudericus
1251 4234 1312 4284 per·

145 4311 220 4364 ends·
237 4308 426 4378 puderetque
444 4308 550 4373 οιιιιιίιι,
569 4323 620 4360 nec
634 4307 717 4360 aliter
735 4306 852 4359 adhibet
866 4306 1006 4375 Vergilius
1028 4307 1101 4358 hunc
1119 4323 1145 4358 u.
1163 4305 1312 4374 adferens),

146 4400 195 4454 ists
210 4398 328 4469 quidem
347 4396 543 4465 interpretatio
563 4395 669 4449 reicula
687 4398 742 4460 est;
768 4412 817 4448 nec
836 4395 975 4464 Hauptius
996 4395 1093 4448 ‘orbis'
1115 4396 1263 4450 restituens
1282 4398 1310 4450 in
