2940 4912
589 292 679 349 LXIV
696 298 809 350 ss-ea.
1218 291 1285 357 315

112 457 142 512 in
160 456 285 526 imagine
303 451 404 526 coepta
428 454 620 510 commorandi
642 470 738 509 ansam
757 455 895 523 simulque
913 455 949 509 ad
968 471 1026 508 rem
1050 453 1186 525 redeundi
1205 470 1285 508 occa·

114 544 223 601 sionem
249 543 366 599 dederit
411 544 563 598 secundum
590 559 673 613 quem
702 543 826 598 ordinem
856 544 966 612 singula
994 543 1223 612 contemplemur.
1252 573 1284 582 -

112 636 162 691 tt.
177 648 238 689 non
252 632 378 687 numine
392 633 496 687 curule
510 633 661 701 purgatur
675 633 763 688 nlnea
777 632 900 686 rastrls.
925 630 1029 686 ‘umes'
1046 631 1177 686 dubitant
1193 632 1284 685 utrum

114 739 165 794 pro
186 722 284 777 uincto
303 736 340 774 an
359 738 409 790 pro
429 722 487 775 uite
507 723 544 776 sit
562 721 763 790 accipiendum.
801 722 855 774 hoc
873 721 897 775 si
915 719 1124 790 amplectimur,
1147 721 1201 774 erit
1219 719 1285 774 aitis

114 811 229 866 humilis
254 827 289 865 ea
312 826 383 879 quae
407 809 484 862 humi
507 809 596 878 serpit
620 809 667 876 (ci.
686 808 723 863 ad
742 808 817 863 LXII
837 811 891 877 60).
930 826 1000 877 quae
1024 811 1194 878 purgatura
1210 809 1286 862 terra

114 901 223 956 scilicet
241 899 390 967 herbisque
413 898 486 952 forte
509 896 650 965 obductis3
675 915 843 967 quamquam
866 896 896 952 in
915 897 988 951 hanc
1011 914 1070 952 rem
1094 896 1171 951 credi
1188 896 1286 965 nequit

112 987 272 1043 adhibitam
293 1004 354 1042 ease
372 991 508 1054 rastrum,
532 987 607 1055 quod
626 988 842 1041 instrumentum
865 987 1031 1042 edentibus
1050 985 1159 1040 inflexis
1179 986 1284 1040 dictum

114 1076 254 1132 ‘curuum’
277 1074 322 1144 (ci.
341 1073 425 1140 Rich,
445 1073 498 1128 lex.
519 1074 624 1143 antiqq.
645 1093 665 1129 s.
686 1080 723 1143 a.)
742 1074 852 1145 glaebis
871 1072 965 1144 potius
988 1075 1150 1145 frangendis
1169 1071 1286 1128 inseruit

113 1164 208 1235 (Verg.
224 1163 256 1218 G.
277 1164 303 1216 ll
320 1168 396 1234 399);
417 1163 545 1218 manibus
565 1164 694 1218 nimirum
715 1181 766 1234 par
785 1168 828 1219 est
845 1162 975 1219 uiticolae
993 1164 1024 1219 in
1042 1165 1160 1235 singulis
1178 1162 1284 1218 uitibus

114 1259 145 1309 et
164 1253 283 1324 elegisse
303 1253 403 1307 herbas
423 1255 452 1306 et
470 1253 621 1307 remouisse
641 1256 748 1308 celeras
768 1254 869 1308 sordes.
901 1253 997 1321 itaque
1015 1255 1142 1323 praestat
1161 1252 1285 1322 cogitare

113 1345 147 1398 de
162 1342 251 1398 uineti
265 1342 326 1397 solo
341 1341 501 1396 bidentibus
516 1342 659 1409 uertenda,
670 1358 726 1411 qua
740 1359 802 1397 cum
818 1360 847 1397 re
858 1342 1015 1412 extirpeudi
1023 1342 1152 1412 gramina
1162 1342 1283 1398 officium

113 1436 173 1487 erat
183 1431 362 1487 coniunctum
373 1428 491 1500 (Colum.
503 1430 539 1484 IV
550 1434 586 1500 b).
615 1430 744 1487 ‘humile'
757 1432 881 1487 uinetum
893 1436 937 1487 est
950 1432 978 1486 id
994 1433 1070 1502 qnod
1083 1432 1155 1487 uites
1166 1431 1284 1487 humiles

113 1527 179 1594 (non
193 1521 364 1589 arbustiuas)
379 1521 516 1586 continet,
531 1521 564 1574 cf.
577 1520 664 1576 Varro
680 1522 706 1577 d.
717 1541 737 1577 r.
749 1541 770 1576 r.
786 1522 798 1573 I
813 1527 874 1590 8,1,
890 1522 996 1578 Colum.
1008 1521 1045 1576 IV
1058 1528 1081 1588 l,
1092 1528 1116 1589 t,
1132 1517 1284 1576 Vlieh'nius

112 1628 139 1680 p.
153 1616 195 1665 70.
208 1641 240 1648 -
252 1609 300 1664 41.
315 1624 376 1664 non
391 1609 455 1663 falx
469 1610 609 1664 attenuat
622 1610 833 1665 frondatorum
847 1611 967 1666 arboris
981 1610 1128 1665 umbram.
1149 1608 1287 1664 deminuit

112 1699 240 1754 frondem
260 1697 348 1753 nimia
366 1698 474 1752 luxurie
493 1700 679 1768 pullulantem
694 1699 856 1768 uiribusque
871 1699 979 1755 arboris
994 1700 1153 1764 nocentem
1172 1697 1283 1769 saepias

114 1787 188 1841 enim
209 1787 330 1841 ‘umbra’
351 1803 403 1856 pro
429 1787 526 1842 fronde
551 1789 676 1857 ponitur,
699 1792 731 1843 ut
750 1789 832 1859 Verg.
852 1788 882 1844 G.
904 1791 915 1842 l
937 1795 985 1843 lt'l
1009 1790 1080 1856 satec
1097 1805 1202 1858 premes
1225 1805 1282 1842 am·

113 1878 189 1941 brus,
214 1878 311 1930 auctor
331 1875 417 1928 Nncis
438 1882 471 1930 63
495 1893 551 1931 non
574 1877 641 1931 milii
663 1878 725 1944 suta
747 1879 851 1931 nimiae
870 1879 1007 1933 Saturnia
1029 1879 1142 1947 deputat
1165 1877 1283 1930 umbras.

111 1982 176 2018 nam
200 1963 265 2018 uoci
289 1962 383 2018 ‘falce’
409 1964 535 2018 additum
563 1964 777 2020 ‘frondatorum'
805 1965 990 2034 demonstrat,
1014 1984 1069 2020 non
1094 1981 1153 2020 esse
1175 1965 1223 2020 hic
1242 1964 1283 2021 in—

111 2054 301 2123 tellegendam
325 2054 426 2108 falcem
450 2054 635 2123 uineaticam,
659 2056 708 2109 sed
732 2055 903 2110 arborariam
926 2055 1027 2125 (Varro
1052 2054 1078 2108 d.
1102 2074 1123 2110 r.
1147 2074 1168 2112 r.
1192 2055 1204 2107 l
1228 2056 1283 2122 22),

112 2140 251 2210 siquidem
276 2160 359 2196 unum
385 2145 496 2196 tantum
520 2142 713 2197 frondatorum
737 2160 839 2213 genus,
863 2142 972 2198 scilicet
995 2142 1069 2210 quod
1095 2143 1286 2213 amputauerit

113 2231 234 2298 arbores,
255 2248 334 2285 ursum
353 2231 390 2284 sit
408 2232 479 2286 falce
499 2231 543 2300 (cf.
562 2230 675 2287 Seruius
693 2232 729 2286 ad
749 2233 799 2288 ecl.
817 2240 840 2301 1,
860 2235 913 2302 57).
942 2232 1017 2300 quod
1037 2232 1182 2287 coufirmat
1200 2233 1283 2302 plane

112 2319 181 2373 illud
203 2319 321 2374 ‘arboris
341 2320 491 2389 umbram’,
510 2322 539 2374 ia
559 2338 613 2389 quo
633 2322 805 2391 singularem
820 2320 999 2376 collectiuam
1018 2321 1047 2374 in
1062 2320 1184 2391 imagine
1200 2337 1283 2391 gene-

112 2409 209 2464 raliter
227 2413 365 2479 concepta
383 2410 478 2463 habes.
516 2410 589 2465 unde
615 2411 682 2465 eatis
706 2411 800 2465 mirari
824 2429 879 2465 non
903 2427 1030 2480 possam,
1054 2410 1139 2464 fuisse
1163 2411 1211 2479 qni
1229 2429 1284 2466 non

112 2499 145 2552 de
165 2501 308 2553 hortorum
328 2498 437 2553 cultura
455 2497 485 2552 in
504 2500 557 2553 hoc
575 2517 658 2553 uersu
677 2500 724 2569 agi
743 2502 887 2580 putarent,
906 2499 956 2556 aed
970 2503 1021 2555 aut
1034 2499 1068 2554 de
1088 2499 1193 2554 aitibas
1213 2500 1283 2555 falce
1395 2508 1402 2521 ⁸

112 2587 291 2657 amputandis
311 2589 361 2641 aut
380 2587 413 2640 sle
433 2588 576 2653 arborum,
596 2590 696 2657 quibus
720 2590 792 2643 uites
812 2588 966 2658 implicitae
986 2593 1064 2658 sunt,
1088 2592 1187 2643 umbra
1206 2605 1282 2644 coer-

112 2676 199 2730 cenda
218 2675 301 2744 (Pliu.
320 2676 347 2730 h.
368 2696 394 2731 u.
414 2676 491 2730 XVII
510 2683 553 2746 28,
572 2672 650 2746 214),
674 2678 748 2746 quod
772 2682 921 2746 utrumque
944 2696 1000 2733 non
1024 2678 1216 2734 frondatorum
1235 2678 1283 2733 sed

114 2765 350 2818 uindemiatorum
370 2767 419 2818 est.
441 2796 472 2804 -
492 2764 540 2819 40.
562 2779 622 2820 non
641 2765 777 2832 glaebam
796 2780 894 2835 prono
913 2767 1062 2822 conuelllt
1080 2781 1201 2822 uomere
1220 2768 1283 2822 tau·

113 2869 176 2908 rue.
219 2853 301 2907 findit
326 2856 473 2923 uersatque
499 2856 591 2908 aratro
622 2855 651 2908 in
676 2857 778 2909 terram
807 2855 910 2922 deliro,
941 2857 1026 2927 uulgo
1057 2856 1284 2926 interpretantur,

115 2943 282 3011 nescioquo
302 2943 361 2996 iure
381 2942 517 3010 quibusue
538 2942 673 3013 exemplis
692 2946 767 3010 (nam
787 2944 910 3015 ‘pressus
929 2947 1036 2999 uomer’
1057 2944 1126 2999 nihil
1146 2946 1181 2998 ad
1200 2950 1284 3013 rem);

114 3033 199 3085 immo
220 3049 328 3099 nomer,
348 3032 396 3098 qui
415 3032 526 3100 proprie
545 3036 674 3099 uocatur,
698 3032 769 3087 nihil
788 3034 875 3088 habet
894 3035 970 3103 quod
988 3034 1016 3088 in
1036 3039 1143 3103 partera
1163 3035 1283 3088 anterio·

114 3138 170 3174 rem
191 3120 320 3187 inclinet,
340 3120 390 3174 sed
414 3120 541 3175 derectus
565 3126 608 3175 est
626 3124 710 3176 totus.
748 3122 851 3192 Vulpio
871 3128 964 3178 autem
984 3124 1020 3177 ab
1039 3128 1149 3178 aratore
1168 3122 1284 3178 incuruo

113 3227 254 3263 demerem
272 3226 391 3279 pronum
411 3209 563 3278 explicanti
583 3228 646 3264 cum
665 3228 746 3266 nemo
765 3211 823 3267 iam
842 3212 924 3266 fidem
941 3212 978 3266 sit
992 3212 1149 3280 habiturus,
1170 3212 1203 3266 de
1225 3212 1284 3266 uni·

113 3315 193 3352 uersa
213 3301 312 3352 natura
331 3298 416 3352 aratri
441 3298 470 3352 in
492 3303 595 3354 terram
620 3301 792 3372 inaergentis
816 3300 1029 3370 descensuriquc
1053 3308 1117 3356 suut
1140 3302 1187 3374 qui
1211 3302 1284 3370 cogi·

112 3392 180 3443 tent.
218 3387 294 3457 quod
318 3392 350 3440 ut
373 3388 490 3442 fortasse
516 3406 599 3458 opere
622 3391 744 3445 nondum
769 3391 900 3446 incohato
924 3409 979 3445 nou
1002 3392 1085 3460 plane
1109 3395 1151 3444 est
1175 3392 1286 3455 falsum,

111 3477 152 3532 ita
171 3477 247 3546 quod
267 3476 442 3531 trahentibus
467 3479 554 3532 tauris
579 3479 670 3534 sulcos
695 3480 773 3534 ducit
795 3482 919 3534 aratrum
944 3477 1000 3533 iam
1025 3496 1078 3533 non
1099 3497 1216 3549 pronum
1237 3480 1284 3532 sed

113 3568 274 3636 depressum
306 3572 349 3620 est
376 3571 404 3620 et
429 3568 457 3621 in
488 3572 595 3622 rectum
621 3570 720 3623 tendit.
768 3569 911 3637 quocirca,
939 3568 993 3623 nisi
1019 3569 1090 3623 iortc
1117 3568 1206 3635 magis
1232 3566 1284 3621 tibi

114 3658 254 3726 poeticum
271 3655 413 3711 uidebitur
424 3658 539 3727 ‘pronus
550 3677 572 3713 c.
584 3677 610 3712 u.
625 3659 744 3725 taurus’,
755 3658 943 3728 reponendum
959 3660 1027 3726 pato
1044 3658 1137 3727 ‘proso
1152 3658 1285 3724 ueniere’,

113 3747 165 3800 hoc
185 3749 243 3813 cst,
268 3744 296 3798 ia
316 3749 421 3800 rectum
447 3748 575 3802 radente.
597 3780 627 3787 —
649 3747 697 3802 ta.
722 3748 903 3803 mollescunt
922 3746 1001 3801 colla
1020 3746 1167 3801 lunerrels.
1204 3747 1283 3800 remi-

111 3834 228 3890 niscaris
248 3833 322 3888 colla
341 3836 425 3890 boum
442 3837 534 3891 ‘dura’
556 3840 599 3906 (ut
619 3838 693 3906 apud
709 3835 788 3892 Ouid.
805 3835 886 3906 epist.
904 3842 945 3902 12,
965 3841 998 3889 39
1014 3837 1075 3904 sq.)‚
1094 3833 1201 3889 scilicet
1220 3832 1285 3903 ingo

112 3926 235 3997 inposito
261 3927 290 3977 et
314 3926 431 3979 adsiduo
456 3925 564 3993 labore;
591 3943 663 3993 qnae
687 3945 759 3981 nunc
782 3945 831 3996 per
856 3925 939 3979 serius
963 3922 1115 3994 agrestium
1138 3923 1285 3977 uacatione

112 4016 205 4085 operis
228 4014 395 4068 desuescunt
418 4033 487 4068 onus
510 4014 596 4069 aratri
621 4015 700 4068 ferre.
727 4047 758 4054 —
788 4013 836 4069 42.
860 4013 999 4081 squalida
1022 4012 1152 4067 deseras
1177 4011 1286 4078 rublgo

113 4105 248 4159 lnfertur
275 4105 399 4159 aratris.
442 4104 548 4158 homeri
575 4107 668 4159 autem
695 4104 761 4173 ipsi,
789 4105 883 4174 pergit
905 4106 1001 4172 poeta,
1028 4102 1056 4156 in
1080 4102 1154 4170 agris
1178 4099 1287 4154 scilicet

112 4193 212 4250 relicto
232 4195 307 4247 terra
327 4197 368 4262 (at
383 4196 457 4248 ualui
473 4194 558 4248 ferro:
580 4193 869 4259 Plin.h.n.xV114)
891 4192 1005 4248 obducit
1024 4192 1194 4260 rubiginem
1215 4206 1286 4258 quae

113 4285 311 4353 formansque
331 4285 404 4339 bona
424 4303 507 4352 quam
528 4285 619 4338 altera
639 4283 759 4352 ‘robigo’
779 4282 899 4338 habetur
914 4281 998 4337 etiarn
1016 4278 1144 4335 lillVlllb
1161 4287 1219 4349 111,
1240 4279 1285 4334 ubi

113 4380 230 4430 uocatur
251 4374 390 4428 ‘scabra'.
430 4374 494 4428 hinc
521 4373 687 4426 inlustratur
711 4391 762 4425 aor
785 4372 945 4438 ‘infertur',
966 4389 1048 4440 quarn
1069 4370 1211 4441 explicant
1231 4370 1285 4424 ‘iu-
