2940 4912
211 285 275 350 158
706 287 785 341 XXII
803 291 881 340 t-8.

209 446 303 516 polus,
323 462 373 515 pro
393 447 470 500 certo
487 446 584 515 potest
601 445 711 513 baberi;
730 462 801 513 quos
820 445 986 502 concludere
1004 463 1124 516 pronum
1148 448 1192 501 est
1213 462 1270 501 non
1293 447 1386 502 cuius·

209 534 266 601 uis,
294 533 344 589 sed
372 535 554 604 probatorum
582 536 692 589 tantum
720 535 889 605 scriptorum
917 550 1004 604 opera
1030 534 1141 590 delectu
1168 533 1245 590 sacto
1274 535 1387 591 edenda

208 621 371 692 suscepisse.
408 640 578 692 quamquam
597 639 648 678 uec
673 622 738 677 illos
757 639 775 677 a
792 621 963 678 membranis
982 623 1095 679 omnino
1114 623 1285 679 abstinuisse
1304 629 1386 694 puta·

209 713 310 780 nerim,
330 726 402 780 quae
420 728 476 766 non
495 729 551 766 uuo
569 710 682 766 nomine
706 728 736 766 se
756 712 992 767 commendarent.
1028 729 1094 767 nam
1113 713 1235 783 paginae
1255 712 1386 769 codicum

208 802 485 856 membranaceomm
512 816 576 854 cum
603 800 693 853 multo
725 798 807 868 plura
836 799 995 869 reciperent
1026 818 1111 870 quam
1138 820 1323 873 papyrorum,
1356 804 1386 859 iu

208 891 318 959 mugnis
337 889 515 959 potissimum
534 888 666 958 operibus
683 905 771 958 paruo
795 887 887 958 pretio
906 890 1063 945 uendundis
1081 891 1127 959 (ci.
1142 889 1225 946 Mart
1240 890 1316 962 XIV)
1335 893 1386 948 ad-

208 977 378 1034 hibebantur
402 978 580 1033 membranae
608 976 845 1044 commodissime3
873 981 906 1033 ut
931 982 960 1034 et
985 978 1015 1034 iu
1040 980 1080 1035 eis
1106 980 1230 1050 scriptis,
1256 999 1331 1050 quae
1356 982 1386 1037 in

208 1067 352 1138 publicum
376 1067 504 1122 emittere
527 1065 703 1136 periculosae
726 1066 842 1136 plenum
861 1083 931 1136 opus
954 1067 1034 1122 aleae
1053 1072 1126 1124 erat:
1149 1067 1173 1123 si
1192 1072 1311 1126 euentus
1328 1087 1387 1126 nou

208 1156 399 1227 respondebat
411 1155 599 1226 expectationi
619 1156 805 1225 bibliopolae,
824 1156 1004 1211 membranae
1023 1157 1082 1213 siue
1100 1157 1281 1228 palimpsesti
1295 1159 1387 1215 multo

209 1247 316 1301 minore
335 1263 398 1299 cum
417 1245 519 1299 damno
538 1260 623 1312 quam
641 1245 737 1299 camec
756 1244 848 1299 denuo
862 1244 892 1298 in
906 1261 988 1299 usum
1002 1244 1130 1302 adhiberi
1145 1251 1271 1318 potuere.
1303 1248 1385 1318 quid-

209 1336 277 1402 quid
294 1336 324 1389 id
343 1337 398 1401 est,
422 1351 457 1389 ne
476 1334 530 1388 boc
549 1334 662 1402 quidem
686 1335 810 1401 constat,
833 1351 900 1388 uum
919 1332 1047 1390 Catullus
1068 1337 1201 1404 loquatur
1223 1336 1259 1391 de
1278 1336 1386 1394 Suffeni

211 1423 365 1478 carminum
391 1422 514 1479 editione
544 1439 595 1493 per
619 1421 805 1490 bibliopolam
830 1421 955 1492 aliquem
980 1424 1070 1490 factm
1097 1429 1184 1481 immo
1210 1427 1247 1481 ab
1271 1431 1386 1483 auctore

208 1513 269 1582 ipso
289 1529 340 1566 sua
358 1511 461 1567 emissa
478 1528 551 1581 esse,
574 1513 652 1566 totus
675 1511 754 1566 locus
778 1511 848 1566 mibi
867 1511 980 1568 uidetur
997 1514 1120 1569 innuere.
1156 1513 1213 1569 iam
1232 1517 1385 1586 scriptores

209 1601 374 1671 singillatim
393 1601 423 1656 in
441 1599 586 1671 publicum
605 1601 750 1656 mittentes
769 1601 894 1657 carmina
912 1600 1034 1656 maxime
1052 1603 1161 1658 minora
1180 1607 1256 1673 (nam
1275 1621 1329 1659 nec
1348 1606 1384 1660 de

209 1707 311 1760 genere
329 1706 445 1760 poeseos
465 1689 641 1745 Suffenianae
655 1690 809 1759 quidquam
823 1692 946 1759 constat)
961 1691 1132 1747 membranis
1146 1709 1211 1748 usos
1231 1710 1301 1761 esse,
1314 1693 1387 1748 milri

209 1779 348 1849 persuasi;
372 1779 461 1834 ueluti
487 1778 591 1834 Catulli
613 1777 700 1848 ipsius
723 1780 793 1834 baec
818 1779 974 1849 poematia,
997 1783 1149 1849 antequam
1171 1781 1201 1836 iu
1220 1799 1307 1836 unum
1325 1783 1384 1838 col·

209 1868 284 1922 lecta
302 1867 451 1939 magnifice
469 1869 618 1923 ederentur
636 1868 665 1922 in
684 1868 768 1923 cartis
787 1868 833 1938 (ef.
850 1869 887 1923 ad
902 1867 1010 1925 cornel.
1027 1875 1041 1922 1
1057 1872 1124 1939 sq),
1142 1870 1173 1925 in
1190 1869 1386 1942 palimpsestia

210 1956 353 2026 descripta
377 1958 406 2012 in
431 1958 562 2013 notitiam
588 1959 621 2011 ut
643 1956 760 2012 Lesbiae
785 1958 1009 2027 amicorumque,
1034 1957 1076 2012 ite
1100 1962 1146 2027 (ex
1169 1961 1252 2029 parte
1277 1959 1387 2030 saltim)

210 2047 394 2115 complurium
412 2047 573 2117 peruenisse
592 2046 759 2117 putauerim.
787 2046 859 2101 nihil
879 2048 950 2102 enim
971 2046 1079 2116 obstat,
1100 2049 1248 2116 quominus
1266 2065 1302 2104 ea
1315 2065 1386 2118 quo·

209 2153 263 2205 que
288 2137 436 2206 opuscula,
467 2153 539 2206 quae
565 2152 583 2188 a
607 2136 691 2191 certis
716 2136 877 2206 bibliopolis
903 2153 959 2191 non
985 2136 1153 2206 edebantur,
1180 2133 1276 2193 tamen
1302 2137 1386 2208 (ipsis

209 2227 371 2281 auctoribus
389 2225 562 2296 exemplaria
580 2224 809 2294 concedentibus)
828 2225 858 2279 in
881 2226 1005 2281 tabernis
1027 2225 1206 2282 librariorum
1224 2243 1289 2281 aere
1309 2241 1387 2282 corn·

209 2315 303 2385 parari
326 2316 451 2385 potuisse
475 2316 629 2370 credamus.
668 2317 697 2371 et
714 2314 770 2369 boc
788 2315 872 2369 modo
896 2314 926 2368 iu
944 2332 968 2369 c.
987 2313 1052 2369 XIV
1071 2313 1193 2370 uidimus
1217 2317 1262 2369 tot
1285 2319 1386 2385 poeta·

209 2423 271 2459 rum
293 2403 437 2475 poematia
458 2405 488 2459 iu
510 2422 597 2459 unum
622 2405 751 2460 libellum
775 2405 904 2458 coartata
928 2421 996 2459 esse.
1034 2403 1163 2460 Suffenus
1185 2403 1287 2474 igitur,
1311 2422 1387 2471 quae

209 2495 266 2550 suis
290 2494 447 2565 sumptibus
471 2496 515 2564 (ut
536 2498 631 2550 nostro
655 2495 808 2549 recentium
828 2493 912 2548 modo
930 2492 1042 2562 loquar)
1067 2492 1173 2563 emisit,
1194 2510 1251 2548 nou
1275 2492 1387 2564 simpli·

210 2585 292 2654 citer,
317 2587 349 2638 ut
367 2583 417 2637 alii
434 2584 493 2639 iere
512 2600 623 2652 omnes,
647 2583 696 2638 sed
716 2581 942 2653 splendidissime
961 2583 1068 2650 emisit;
1092 2581 1123 2636 id
1140 2582 1216 2652 quod
1233 2599 1284 2652 per
1303 2599 1386 2652 asyn-

209 2674 294 2729 deton
319 2673 529 2728 aduersatiuum
554 2673 737 2743 persecuntur
761 2669 902 2741 proxima:
928 2701 962 2711 -
988 2671 1022 2743 t,
1043 2670 1076 2742 l,
1090 2671 1125 2726 8.
1153 2672 1256 2727 cartae
1279 2672 1387 2738 teglae

210 2775 288 2818 noue
306 2762 396 2833 llbrl,
421 2762 493 2818 noui
513 2760 667 2833 umblllcl,
692 2760 762 2816 lora
779 2759 874 2814 rubra
892 2759 1098 2832 membranae,
1117 2759 1240 2815 derecta
1259 2760 1386 2828 plumbo

211 2852 242 2906 ct
267 2848 385 2919 pumice
411 2849 512 2904 omnia
536 2853 676 2916 aequata.
717 2849 855 2919 optimum
881 2848 982 2918 papyri
1005 2864 1094 2919 genus
1119 2852 1181 2904 erat
1203 2851 1282 2903 carta
1304 2849 1388 2919 regia

210 2940 350 2994 tenuitate
368 2937 498 3007 insignis,
522 2938 608 2993 etiam
628 2938 790 2993 ‘hieratica'
811 2940 841 2991 et
863 2939 927 3007 post
946 2937 1096 3007 ‘Auguste’
1116 2937 1253 2992 uocitata:
1277 2934 1386 3007 χάρτην

212 3028 383 3083 λεπτότατον
402 3028 458 3081 τῶν
477 3028 629 3098 βασιλικῶν
648 3026 831 3095 καλουμένων
851 3025 921 3080 dicit
938 3026 1012 3081 Hero
1032 3026 1095 3095 περὶ
1116 3021 1215 3096 αὖτομ,
1234 3045 1260 3097 p.
1275 3032 1328 3081 269
1347 3028 1386 3084 ab

211 3117 325 3173 lVossio
344 3116 461 3181 citatus3
481 3116 516 3171 cf.
536 3120 565 3170 et
584 3115 655 3171 Plin.
674 3116 702 3170 b.
721 3133 747 3169 n.
768 3114 832 3168 XIII
853 3120 887 3170 'ld
905 3117 934 3171 et
954 3122 1000 3184 l8,
1021 3115 1070 3170 ubi
1088 3114 1132 3168 illi
1150 3115 1300 3170 maximam
1319 3116 1385 3172 lati·

212 3207 339 3262 tudinem
358 3206 445 3260 fuisse
464 3206 596 3274 refertur,
614 3206 746 3259 nimirum
764 3203 830 3258 XIII
849 3203 1009 3276 digitorum.
1037 3221 1109 3273 quae
1127 3207 1220 3260 cuiae
1237 3205 1334 3275 regiae
1352 3209 1386 3260 ut

211 3314 244 3352 er
268 3295 406 3351 contario
430 3293 621 3365 palimpsestis
647 3293 756 3363 positae
780 3297 846 3349 sunt
873 3294 914 3348 ita
936 3293 1055 3348 formam
1080 3293 1206 3348 indicant
1231 3292 1385 3349 maximam

210 3386 347 3441 librorum
366 3385 425 3440 siue
443 3383 618 3440 uoluminum
638 3384 745 3453 (Isidor.
764 3383 855 3454 origg.
871 3382 909 3437 VI
930 3388 963 3436 13
982 3384 1050 3438 leber
1067 3385 1153 3438 anius
1169 3384 1321 3438 uoluminis

211 3478 339 3531 uolumen
357 3477 425 3531 liber
443 3480 481 3529 cal
499 3493 518 3529 a
536 3475 671 3530 uolueedo
689 3475 805 3541 distres);
825 3472 873 3541 qui
891 3471 957 3527 libri
974 3472 1028 3542 ipsi
1043 3475 1108 3527 suut
1120 3475 1266 3542 praeterea
1281 3471 1384 3540 ‘noui’,

212 3583 308 3621 recens
327 3583 360 3620 ex
379 3564 630 3620 Alexandrinorum
650 3562 768 3618 officinis
787 3561 900 3616 aduecti
918 3561 964 3631 (cl.
983 3561 1020 3616 ad
1038 3560 1147 3616 Cornel.
1168 3564 1204 3630 1),
1222 3559 1295 3614 nihil
1314 3562 1383 3615 dum

213 3656 282 3709 situs
300 3657 385 3722 atque
405 3654 561 3724 putredinis
579 3652 665 3723 passi.
695 3652 789 3707 ‘noue’
810 3651 934 3707 hebeti
953 3667 987 3704 ex
1006 3650 1198 3721 praecedentis
1218 3649 1318 3720 ‘regie'
1333 3649 1383 3704 ad-

211 3742 382 3797 similatione
406 3747 586 3812 (quamquem
607 3742 692 3797 etiam
716 3743 825 3811 priscae
849 3742 953 3795 formae
974 3741 1080 3795 ‘uouei'
1105 3738 1257 3809 uestigium
1282 3739 1383 3794 adesse
1441 3808 1448 3821 Ι

210 3834 326 3900 potest);
352 3831 426 3886 male
448 3849 537 3902 nuper
559 3832 653 3887 extitit
678 3832 726 3900 qui
746 3830 781 3884 ‘c.
800 3850 821 3885 r.
840 3847 930 3884 nouae
954 3828 1031 3883 libri’
1054 3827 1249 3898 coniungeret,
1273 3842 1329 3895 quo
1353 3829 1383 3882 et

212 3920 353 3990 oppositio
372 3922 511 3975 cartarum
526 3920 805 3988 membranarumque
825 3920 854 3972 et
871 3918 961 3974 iustus
978 3934 1140 3989 progressus
1153 3916 1237 3971 simul
1253 3919 1382 3986 pereunt

213 4009 387 4064 ‘umbilicus’
409 4013 452 4064 est
473 4008 593 4064 bacillus
612 4011 671 4064 siue
690 4008 845 4078 cylindrus,
865 4009 940 4063 circa
958 4024 1041 4077 quem
1060 4006 1246 4061 uoluebantur
1269 4003 1334 4058 libri
1353 4006 1383 4058 et

212 4100 289 4154 cuius
308 4100 377 4154 fines
400 4115 434 4154 ex
457 4099 599 4153 uolumine
622 4098 768 4168 paululum
792 4100 918 4152 extantes
942 4097 1114 4152 ornabantur
1137 4092 1221 4148 bullis
1244 4092 1305 4147 siue
1322 4109 1384 4147 cor·

211 4188 292 4242 nibus
316 4206 399 4259 saepe
422 4188 506 4258 pictis
528 4187 579 4255 (cf.
605 4188 720 4241 Riohius
744 4188 796 4241 lex.
820 4186 927 4254 antiqq.
950 4203 970 4238 a
990 4189 1044 4249 ως
1071 4182 1142 4237 Stat.
1166 4181 1228 4235 silu
1252 4181 1292 4237 IV
1315 4187 1345 4249 9,
1364 4186 1382 4235 8

211 4278 284 4331 binis
307 4279 449 4333 decorotm
470 4279 614 4333 umbilicis.
654 4276 745 4331 ‘lora’
771 4275 940 4343 intellegunt
956 4272 992 4326 de
1010 4271 1150 4339 corrigiis,
1176 4270 1276 4338 quibus
1299 4271 1381 4326 uolu-

211 4383 275 4420 men
304 4367 486 4421 constrictum
514 4367 558 4422 sit.
603 4367 652 4421 sed
680 4380 851 4435 quamquam
878 4362 980 4416 suimus
1008 4358 1153 4427 complura
1179 4358 1326 4413 uolumina
1352 4359 1383 4414 in
