2940 4912
348 322 572 380 PRAEFATIO.
593 355 627 364 -
645 321 824 379 subnuba
842 324 889 380 ET
908 325 1154 385 colomannus.
1281 329 1346 385 XIII

154 496 259 551 essent
282 492 386 565 edita,
412 494 437 552 si
462 493 532 553 inde
555 512 574 553 a
596 495 693 570 prima
712 495 918 555 adulescentia
936 496 980 555 illi
1000 496 1092 555 latine
1117 498 1198 574 loqui
1218 499 1347 558 scribere
1432 480 1435 484 Α

155 592 293 666 echtare
325 589 508 650 didicissent
535 610 627 668 opera
656 597 779 651 strenua
807 593 932 652 adsidua
961 612 1075 653 seuera.
1125 598 1158 653 et
1184 597 1347 655 uerendum

155 695 212 763 est,
237 707 278 747 ne
305 707 380 748 mox
404 689 495 764 plane
519 690 613 748 simus
636 690 668 748 in
690 690 803 749 intuba
826 684 877 769 (ut
899 691 942 749 ait
961 684 1081 770 Varro),
1104 691 1162 750 nisi
1185 693 1222 751 ad
1242 694 1347 770 multa,

157 805 236 860 spnae
261 788 339 846 olim
364 787 398 845 in
423 787 472 846 his
495 787 586 847 rebus
610 789 736 864 uiguere
759 807 795 847 ac
819 788 934 847 sancita
957 793 1057 865 erant,
1080 789 1236 851 redibitur.

245 884 387 944 Restant
412 886 570 962 nonnulla,
594 905 670 961 quae
693 886 740 945 his
763 887 794 945 in
813 886 989 946 uniuersum
1019 887 1106 946 dictis
1129 888 1247 962 possint
1269 889 1347 948 addi.

158 983 206 1039 sed
231 984 264 1040 ‘m
289 982 366 1041 aliis
392 983 451 1057 ipsi
476 982 565 1042 facile
584 983 711 1043 lectores
730 985 908 1060 intellegent
931 985 1088 1044 consilium
1108 1005 1207 1043 meum
1226 987 1346 1063 agendi-

156 1101 212 1156 que
240 1081 402 1139 rationem
432 1073 543 1161 (ueluti
570 1082 601 1140 in
628 1081 763 1141 Labbaei
790 1082 945 1158 glossariis
979 1082 1149 1142 adferendis
1181 1102 1228 1143 me
1259 1103 1345 1142 usum

157 1197 220 1236 esse
254 1197 293 1236 ea
329 1179 468 1253 cautela,
501 1197 561 1256 qua
592 1179 743 1257 utendum⁵
766 1197 832 1239 esse
861 1199 939 1239 nunc
971 1178 1115 1258 constat);
1150 1181 1225 1240 illud
1254 1201 1344 1240 unum

156 1278 266 1350 adicio,
291 1277 445 1353 quidquid
470 1278 604 1352 priorum
627 1278 826 1353 interpretum
850 1279 930 1337 cums
954 1278 1064 1352 debeo,
1092 1298 1139 1338 me
1163 1279 1219 1338 sub
1243 1299 1345 1339 eorum

157 1376 276 1434 nominc
300 1375 457 1434 adtulisse
477 1394 594 1435 summa
612 1395 678 1434 cum
696 1375 858 1450 religione,
883 1379 982 1434 cetera
1001 1376 1101 1435 omnia
1118 1381 1229 1436 memet
1247 1377 1345 1453 ipsum

156 1474 319 1549 collegisse
351 1465 400 1550 (et
428 1473 461 1531 iu
488 1474 535 1531 his
564 1492 635 1532 sane
663 1474 818 1546 nonnulla,
848 1492 923 1549 quae
951 1476 1056 1549 postea
1083 1475 1144 1533 iam
1168 1477 1249 1551 apud
1277 1477 1345 1535 illos
1383 1531 1388 1540 .

155 1572 291 1630 extantia
306 1564 406 1649 uidi):
426 1589 487 1630 non
506 1571 668 1646 probamus
687 1589 750 1643 eos,
771 1571 821 1646 qui
843 1571 975 1646 priorum
995 1571 1095 1648 copias
1114 1573 1254 1633 collectas
1269 1578 1345 1635 tam·

155 1690 241 1744 «quarn
267 1688 338 1728 rem
364 1687 555 1729 communem
580 1672 611 1727 et
633 1669 745 1728 nullius
768 1669 799 1726 iu
822 1669 976 1744 proprium
1000 1669 1144 1747 adh—ibent
1167 1689 1264 1730 usum.

239 1768 293 1826 Ad
314 1767 413 1826 tinem
432 1767 565 1842 perueni.
600 1766 652 1826 sed
670 1767 741 1842 quia
759 1766 970 1826 nonnullorum
988 1767 1141 1826 hominum
1161 1769 1239 1827 male
1259 1769 1369 1828 seda-¹

155 1885 247 1923 ‚nrum
275 1882 378 1940 opera
401 1864 461 1923 huc
490 1863 551 1922 iam
578 1863 610 1923 iu
634 1863 743 1922 studiis
767 1861 944 1923 Catullianis
973 1865 1118 1940 perducta
1140 1871 1188 1925 est
1211 1885 1271 1942 res,
1294 1886 1342 1926 ro·

155 1972 238 2037 gatos
259 1963 363 2022 uelim
383 1961 505 2037 doctos,
524 1965 558 2021 ut
576 1961 749 2021 abstineant
762 1961 800 2019 ab
819 1962 875 2021 hoc
894 1980 983 2037 opere
1001 1963 1032 2021 in
1052 1963 1193 2023 iudicium
1208 1966 1343 2023 uocando

153 2063 188 2133 ei,
210 2081 352 2139 qnorum
378 2078 441 2118 non
466 2064 514 2119 est
536 2059 573 2119 de
599 2059 652 2118 illo
676 2059 820 2119 iudicare:
848 2060 952 2135 procul
980 2059 1021 2119 sit
1048 2060 1239 2138 adrogantia,
1268 2081 1344 2137 quae

153 2161 225 2235 quod
252 2159 448 2235 intellegere
471 2160 607 2218 autnon
631 2161 732 2233 potest
754 2160 808 2217 aut
830 2176 889 2217 non
912 2158 977 2217 uolt
999 2159 1193 2234 reprehendit
1217 2162 1247 2218 et
1270 2160 1344 2217 uiris

154 2260 235 2332 unge
272 2245 496 2333 superioribus
532 2256 745 2315 contumeliose
782 2256 940 2315 obtrectat.
976 2287 1014 2297 -
1050 2256 1172 2315 suauius
1205 2260 1345 2332 superest

152 2356 297 2429 «muium,
324 2358 366 2413 ut
390 2354 494 2413 animo
517 2355 634 2414 lubenti
656 2353 771 2430 gratias
791 2371 880 2429 agam
900 2353 1038 2413 omnibus
1058 2345 1153 2433 (inter
1176 2338 1250 2429 quos
1274 2364 1357 2412 oon-'

153 2475 282 2513 memoro
313 2451 595 2512 'I'Halbertsma
623 2452 770 2529 collegam
802 2443 1108 2529 aestimatIssimum),
1142 2451 1193 2527 qui
1225 2452 1343 2512 libellos

152 2554 367 2629 ÷=iitionesque
392 2549 527 2609 rariores
552 2549 770 2625 suppedItando
793 2568 841 2608 me
864 2549 1052 2608 adiuuerunt.

232 2696 300 2753 Ser.
331 2692 513 2768 Groningae
537 2692 720 2751 Batauorum
744 2690 811 2750 Kal.
836 2689 919 2768 Sept.
943 2709 970 2749 a.
994 2689 1288 2751 MDCCCLXXXIV.

614 2883 631 2920 a
744 2833 763 2875 *
876 2881 895 2922 ss

416 3009 650 3081 ADDENDA
679 3010 740 3081 ΕΤ
769 3008 1087 3082 CORRIGENDA.

234 3241 380 3299 Vixdum
404 3235 542 3293 ultimam
562 3236 629 3295 huic
644 3236 726 3311 operi
741 3235 941 3309 imposueram
957 3253 1091 3311 menum,
1111 3255 1177 3295 oum
1193 3237 1222 3295 in
1242 3238 1339 3296 lucem

153 3342 282 3413 3r-.»liret
316 3354 425 3395 nouus
454 3334 484 3391 in
508 3332 658 3393 Catullum
682 3333 912 3392 commentarius
942 3332 979 3391 ab
1003 3333 1210 3392 Alexandro
1235 3334 1340 3394 ltiesa

152 3438 324 3496 :rriunnice
359 3431 549 3506 conscriptus
579 3429 712 3507 [Lipsiae
743 3427 851 3504 1884}
910 3430 945 3488 de
974 3431 1029 3489 hoc
1057 3432 1122 3488 uiro
1151 3432 1237 3491 docto
1270 3434 1341 3508 quid

162 3557 303 3610 roseam,
331 3531 441 3590 sciunt
464 3530 569 3588 harum
593 3548 693 3587 rerum
722 3528 825 3604 perIti3
853 3547 906 3586 nec
935 3548 987 3587 cur
1010 3529 1066 3587 hoc
1089 3529 1252 3589 nouissimo
1276 3530 1341 3589 cius

161 3657 230 3709 perc
255 3629 456 3691 sententiam
477 3633 590 3687 mutem
608 3628 712 3686 babeo
747 3626 836 3684 immo
857 3626 965 3684 uellem
986 3627 1105 3686 Riesius
1129 3646 1249 3686 manum
1275 3630 1340 3688 abs-

149 3736 292 3792 ‘insisset
334 3729 379 3788 ab
413 3745 449 3784 eo
478 3730 578 3802 poeta,
606 3727 653 3785 cui
684 3743 739 3784 nec
765 3724 945 3784 recensendo
978 3744 1031 3783 nec
1060 3727 1245 3802 explanando
1279 3729 1340 3787 ullo

150 3833 226 3889 τήν,
255 3848 320 3906 par
348 3830 428 3886 crat.
476 3826 585 3884 etenim
609 3824 634 3882 si
657 3824 787 3898 pretium
811 3823 880 3880 noui
904 3823 1029 3882 alicuius
1052 3827 1256 3884 commentarii
1281 3846 1339 3884 non

149 3948 170 3984 :r
192 3925 382 4004 expilandis
408 3923 501 3981 tacite
530 3922 712 3982 anteriorum
742 3920 985 3980 adnotationibus
1010 3916 1133 4000 (quibus
1158 3925 1267 3999 raptim
1292 3944 1338 3982 ex-

148 4032 244 4105 ·.-.ptis
275 4026 355 4083 uide
384 4021 479 4079 anImi
502 4039 592 4079 causa
614 4038 703 4095 quam
728 4018 852 4077 ridicule
876 4017 993 4077 llicsius
1023 4040 1067 4078 ex.
1092 4041 1136 4096 gr.
1166 4022 1251 4080 nouis
1276 4041 1340 4079 ucr-

149 4160 152 4167 ·
168 4156 175 4185 ·.
190 4129 239 4186 ilis
260 4119 514 4199 locupletauerit
529 4123 559 4177 et
574 4118 709 4177 Persium
725 4118 761 4175 ad
777 4116 846 4175 LVI
862 4121 880 4175 2
904 4121 934 4175 ct
948 4117 1104 4176 Manilium
1121 4120 1157 4177 all
1174 4119 1270 4176 LXVI
1288 4122 1338 4193 till,

144 4246 261 4287 ausam
291 4238 444 4282 errorum
468 4215 678 4292 suppeditante
698 4208 833 4294 Elusio),
858 4216 910 4273 sed
935 4216 966 4274 in
990 4214 1198 4291 promouendis
1219 4217 1338 4292 proprio

146 4328 232 4385 Iane
259 4320 389 4384 studim
415 4315 597 4375 Catullianis
621 4319 669 4374 est
690 4314 835 4390 positum,
859 4313 896 4372 ab
921 4314 975 4371 hac
998 4319 1084 4388 parte
1108 4314 1161 4369 aut
1184 4313 1259 4372 nihil
1284 4317 1337 4373 aut

143 4428 259 4497 pulum
287 4415 498 4500 praestitisse
526 4413 690 4472 censendus
719 4417 766 4470 est
789 4411 915 4470 Riesius.
960 4412 1010 4486 qui
1035 4410 1138 4467 sedulo
1162 4411 1281 4485 quidem
1307 4412 1335 4470 in
