2940 4912
623 324 909 382 monneonnuu.
1309 329 1352 395 53

142 495 396 573 epigrammatis
423 487 574 576 (quinque
597 496 629 556 in
652 515 710 556 uno
733 514 824 556 uersu
843 495 971 556 LXXIII
991 490 1035 578 6),
1058 499 1169 558 multas
1192 500 1224 558 in
1242 499 1352 577 lyndie,

144 595 237 672 longe
256 594 410 654 minores
435 594 468 654 in
488 594 585 654 doctis
604 596 764 672 poematis,
784 594 874 654 etiam
894 595 924 653 in
944 595 991 655 his
1010 615 1077 656 cum
1096 596 1171 656 artis
1189 617 1352 673 progressu

146 693 215 752 inde
241 710 263 751 a
288 710 317 753 c.
345 692 501 752 LXVIII·
524 712 619 769 usque
642 694 680 753 ad
699 692 797 751 LXIV
819 684 869 774 (ci.
889 686 1034 752 LXVIIIb
1056 697 1118 753 112
1137 699 1282 771 quattuor
1301 696 1351 755 eli-

149 783 269 873 siones)
300 795 338 852 et
367 809 443 850 cum
471 791 644 852 breuiorum
671 791 900 868 longiorumque
930 792 1142 868 opusculorum
1174 792 1352 854 differentia.

151 891 235 966 ipsae
266 893 382 949 autem
419 889 637 966 synaloephae,
670 889 779 966 quibus
807 887 944 949 Catullus
973 889 1111 964 indulsit,
1140 890 1232 949 durae
1261 910 1351 967 saepe

153 989 395 1065 molenteeque3
420 1005 489 1046 nam
510 991 544 1047 ut
563 1006 651 1065 saepe
670 988 776 1065 longas
794 988 914 1049 uocales
935 980 1040 1070 (etiam
1062 982 1350 1072 monosyllabomm)

154 1087 343 1146 delitescere
368 1103 481 1162 passus
505 1089 552 1145 est
575 1089 644 1145 ante
667 1085 789 1161 breues,
812 1089 858 1148 ita
880 1106 917 1146 ue
940 1106 959 1146 a
983 1086 1160 1145 ereticorum
1180 1086 1299 1162 quidem
1320 1093 1351 1148 et

156 1185 368 1245 ‘mmbieorum
386 1183 603 1245 uocabulorum
622 1185 746 1244 elisione
764 1185 936 1260 abhorruit3
956 1202 1137 1261 quamquem
1157 1184 1272 1245 hiatum
1292 1205 1351 1246 non

157 1283 231 1343 alibi
256 1282 394 1342 admisit
416 1282 475 1341 uisi
499 1282 555 1342 sub
579 1282 677 1359 specie
701 1283 839 1358 legitima
862 1275 930 1365 (LV
950 1285 979 1354 4,
1003 1279 1114 1340 XCVII
1136 1275 1182 1362 1),
1205 1283 1263 1342 loci
1283 1285 1351 1345 huie

160 1381 289 1460 regulae
319 1383 530 1456 repugnantes
564 1398 630 1438 cum
659 1381 720 1440 sint
749 1381 882 1458 corrupti
912 1380 1111 1456 facillimeque
1142 1381 1349 1461 emendentur,

159 1482 196 1542 οἱ
221 1479 354 1540 omnino
378 1477 418 1537 de
437 1478 484 1537 bis
502 1478 593 1537 rebus
612 1479 803 1539 LMuellerus
822 1479 849 1539 d.
869 1499 892 1540 r.
911 1499 950 1538 m.
969 1500 998 1554 p.
1017 1479 1080 1537 276
1097 1497 1158 1554 sqq.
1182 1509 1219 1520 -
1242 1501 1351 1541 nouam

163 1598 234 1639 rere
259 1578 350 1637 uiam
375 1577 509 1637 inierunt
529 1575 666 1635 Catullus
691 1579 721 1636 et
745 1578 884 1654 aequales
907 1577 938 1636 in
957 1575 1102 1650 caesuris,
1126 1578 1234 1653 quibus
1253 1598 1351 1652 gram-

162 1678 268 1738 matici
293 1674 498 1736 Alexandrini
521 1693 581 1735 uon
603 1675 647 1735 ita
669 1676 786 1752 pridem
808 1675 953 1735 maiorem
979 1692 1081 1734 curam
1104 1675 1263 1752 inpendere
1286 1697 1352 1738 coe-

162 1781 290 1852 perant,
314 1792 387 1833 enm
412 1791 447 1832 ea
470 1791 547 1848 quae
569 1773 684 1849 priores
712 1777 819 1851 poetae
843 1793 933 1833 seusu
962 1772 1052 1832 tacito
1076 1772 1158 1832 ducti
1179 1774 1211 1833 in
1235 1774 1278 1834 eis
1302 1778 1351 1837 ob-

164 1873 330 1934 mdis
347 1871 446 1930 eecuti
460 1873 548 1929 erant
561 1871 598 1929 ad
613 1875 710 1931 certae
725 1871 799 1931 artis
813 1871 935 1948 regulas
950 1870 1134 1930 reducerent.
1161 1873 1192 1930 et
1206 1876 1350 1949 quantum

164 1975 193 2032 in
210 1991 246 2032 re
264 1968 456 2029 difficillima
469 1987 529 2028 uon
542 1970 604 2026 tam
624 1988 660 2029 ex
678 1969 811 2045 ipsorum
825 1968 992 2046 praeceptis
1008 1959 1096 2049 (haee
1114 1968 1193 2027 enirn
1208 1974 1350 2046 posterio-

164 2091 230 2130 rum
255 2068 436 2129 scholarum
460 2068 581 2144 placitis
604 2069 731 2145 depulsa
754 2071 824 2127 sunt
846 2070 964 2126 tantum
988 2084 1047 2125 non
1070 2060 1183 2149 omnia)
1207 2087 1298 2144 quam
1317 2091 1352 2130 ex

165 2171 234 2230 uiuo
258 2168 316 2245 qui
340 2165 453 2225 abhinc
472 2167 602 2242 optinuit
620 2185 677 2226 usu
696 2184 875 2243 cognoscere
893 2165 976 2241 licet,
996 2183 1151 2224 caesuram
1170 2166 1250 2226 docti
1268 2167 1350 2227 illiue

164 2265 313 2344 temporie
334 2264 467 2323 Romani
485 2263 528 2322 ihi
548 2265 693 2325 statuisse
711 2265 852 2324 uidentur
871 2262 1004 2340 euenire,
1027 2262 1079 2321 ubi
1096 2263 1257 2338 rhythmus
1276 2264 1350 2341 legi-

163 2367 255 2425 timus
282 2363 369 2423 facta
391 2362 431 2422 ob
456 2362 595 2421 uocabuli
618 2361 708 2422 finem
732 2362 950 2439 interruptione
972 2360 1168 2436 infringatur:
1199 2362 1257 2421 duo
1281 2382 1348 2424 cum

164 2464 223 2524 rint
244 2478 368 2540 genera
390 2460 550 2536 potissima
573 2461 797 2538 rhythmorum,
821 2479 914 2519 uuum
938 2457 1017 2535 quod
1036 2456 1199 2518 adscendet
1218 2451 1267 2541 (ut
1284 2489 1303 2515 υ
1316 2456 1347 2545 a)

164 2568 194 2622 et
219 2561 360 2621 alterum
389 2558 470 2634 quod
500 2558 662 2618 descendat
689 2551 744 2639 (ut
773 2552 869 2638 rw),
898 2575 1024 2634 quorum
1051 2559 1213 2633 utrumque
1240 2559 1272 2617 in
1298 2561 1350 2619 ad-

164 2658 302 2737 aequetia
320 2658 403 2716 inter
419 2675 452 2715 se
471 2656 598 2731 pedibus
616 2657 831 2733 uocabulisque
849 2659 930 2717 iustu
949 2660 980 2716 et
999 2673 1106 2714 sonora
1125 2660 1227 2715 eareat
1245 2659 1350 2718 modu·

165 2759 292 2827 latione,
317 2773 397 2832 quae
422 2758 579 2829 praeterea
602 2754 640 2813 ad
663 2755 783 2814 uinctae
803 2760 833 2815 et
852 2757 967 2815 solutae
987 2753 1130 2812 orationis
1150 2754 1348 2816 differentiam

165 2854 351 2916 efferendam
368 2852 552 2912 intendenda
570 2852 609 2911 sit
629 2854 866 2930 repugnantibus
886 2854 964 2912 inter
984 2851 1204 2911 reuocantibus
1225 2856 1348 2915 metrico

163 2964 193 3015 et
211 2951 431 3033 grammatico,
450 2970 487 3009 ex
505 2951 571 3026 ipsa
591 2956 700 3011 natura
714 2953 802 3010 huius
817 2952 1042 3028 repugnantiae,
1062 2969 1137 3026 quae
1152 2951 1182 3008 in
1197 2953 1347 3031 rhythmis

163 3051 418 3113 mimendentihus
444 3048 496 3106 fiat
519 3049 549 3107 iu
572 3049 658 3109 initio
683 3050 799 3125 fineque
824 3070 968 3110 uersuum
995 3053 1026 3107 et
1049 3052 1152 3107 contra
1175 3051 1205 3108 iu
1229 3051 1349 3110 descen-

165 3151 310 3210 dentibus
336 3148 366 3205 in
391 3146 496 3205 mediis
517 3147 642 3218 eisdem,
666 3166 820 3206 caesuram
844 3150 876 3207 in
895 3148 998 3206 metris
1018 3147 1078 3206 illis
1099 3140 1247 3227 (iambicis
1267 3149 1347 3208 simi-

165 3240 323 3325 libusque)
348 3248 418 3321 pest
442 3245 555 3319 thesin,
580 3245 609 3302 in
634 3245 680 3304 his
704 3239 872 3325 (dactylicis
892 3240 1155 3324 comparibusque)
1175 3251 1244 3321 post
1266 3247 1348 3305 ursin

168 3381 203 3390 -
224 3365 300 3406 nam
324 3346 468 3420 uulgares
488 3344 535 3402 hic
553 3344 667 3403 retineo
687 3345 906 3419 appellationes
929 3376 966 3385 —
989 3344 1098 3402 debere
1120 3343 1217 3402 locum
1237 3344 1346 3403 hebere

163 3446 335 3508 rectissime
359 3442 580 3517 concluserunt,
604 3445 738 3501 ceterum
757 3461 834 3518 quae
853 3442 922 3501 hine
949 3442 1080 3500 exIst-aut
1099 3441 1261 3499 uarietates
1280 3460 1347 3500 oae-

165 3562 305 3603 surarum
333 3541 507 3598 minuendas
531 3540 790 3616 cohercendasque
821 3559 886 3600 esse
915 3544 945 3599 et
968 3538 1086 3597 aurium
1114 3538 1145 3596 iu
1168 3540 1257 3598 certis
1281 3559 1346 3598 uer-

162 3663 250 3702 euum
266 3638 408 3716 partibus
423 3630 563 3716 (maxime
578 3639 656 3697 circa
676 3632 819 3711 medium)
835 3638 969 3714 requiem
984 3637 1218 3696 desiderantium
1233 3637 1342 3698 iudicio

163 3750 193 3801 et
211 3737 381 3818 generibus
401 3755 524 3810 poeseos
545 3737 636 3794 uariis
657 3731 759 3814 (plane
778 3737 855 3795 utin
872 3728 1067 3813 synaloephe)
1084 3734 1200 3810 stipsis
1216 3736 1344 3815 denique

164 3838 270 3899 metris
300 3833 491 3895 breuioribus
519 3835 715 3912 longioribus.
761 3835 861 3911 itaque
885 3851 990 3891 uersus
1019 3833 1122 3908 quales
1151 3835 1247 3909 elapsi
1275 3841 1345 3896 suut

164 3939 261 3997 Ennio
286 3938 373 3993 certe
396 3933 521 3991 scientia
539 3934 655 3992 carenti
676 3939 756 4007 poste
773 3934 926 3991 rccuercbilc
943 3936 1096 4004 rrcslruquc
1115 3937 1234 4005 pectora
1248 3936 1346 4007 pellite

164 4039 255 4093 emach
279 4037 312 4091 et
336 4034 449 4104 spurcis
476 4031 568 4090 bustis
596 4032 688 4105 loupis
716 4049 835 4104 campus
862 4030 989 4101 splendet
1017 4034 1041 4086 ct
1068 4029 1164 4088 lrorrct
1192 4033 1345 4106 tamquam

165 4132 306 4210 prodigia
332 4129 398 4187 dira
422 4130 481 4187 ism
509 4130 688 4205 refugerunt
714 4129 793 4188 decli
821 4131 935 4203 poetae.
982 4127 1049 4186 hinc
1078 4127 1256 4200 lienametrI,
1280 4128 1342 4202 qui-

164 4236 218 4290 hus
252 4229 386 4289 maxime
416 4229 594 4302 profuerunt
628 4228 853 4286 obseruationes
887 4226 971 4297 illae,
1005 4230 1069 4283 artc
1103 4225 1197 4281 multo
1231 4226 1343 4283 maiore

163 4327 356 4391 conformati.
406 4345 424 4383 a
456 4325 565 4401 quibus
593 4327 769 4402 incipientes
798 4325 931 4384 breuiter
959 4326 1056 4382 metra
1084 4322 1195 4381 Catulli
1224 4343 1343 4398 percen-

164 4445 297 4489 mmm:
