2940 4912
603 325 745 380 XXXVIII
766 331 841 382 1-2.
1244 325 1308 392 219

148 488 286 558 peculiaris
304 487 364 541 eius
383 488 424 541 rei
443 503 526 541 cansa
544 487 638 541 tuisse.
676 487 751 541 unde
770 503 803 541 eo
823 487 951 557 perueni,
969 489 1002 540 ut
1020 504 1201 556 agnoscerem
1221 488 1309 543 homi·

148 595 203 632 uem
221 576 432 647 philosophum,
452 576 531 630 cuius
550 575 663 643 habitus
681 576 730 630 ille
749 576 879 646 proprius
894 577 968 630 esset
983 574 1104 645 (Firmic.
1120 578 1222 632 astron.
1239 577 1309 631 1113

145 667 288 736 plrdosoplsi
305 667 448 736 capillati,
475 665 509 720 de
532 665 622 720 barba
644 664 764 734 interpp.
783 665 819 719 ud
838 665 904 719 Hor.
925 667 976 720 sat.
996 664 1052 731 13,
1074 668 1148 733 133),
1169 667 1198 721 et
1215 666 1308 736 Egna-

146 757 208 810 tium
226 753 414 811 catullianum
434 754 553 808 eundem
574 757 658 822 atque
677 757 791 824 poetam
811 771 828 808 a
847 753 990 809 Macrobio
1010 753 1060 825 [VI
1077 759 1132 822 5,2
1152 757 1181 809 et
1196 755 1240 825 12]
1261 754 1309 808 ud·

145 846 226 899 latum
250 845 387 898 ducerem.
433 842 511 897 cuius
537 844 660 898 aetatem
686 842 709 896 si
735 842 852 913 respicis
877 842 1001 912 (ponitur
1027 861 1044 896 n
1070 843 1211 898 Macrobio
1236 842 1310 898 inter

145 933 251 987 Accium
270 932 741 1002 0110001100001011101001000),
760 931 832 986 nihil
850 932 944 987 hercle
964 933 1059 987 obstat
1077 933 1226 1002 quominus
1245 949 1309 987 eum

145 1021 240 1077 Catulli
266 1022 413 1090 aequalem
441 1021 526 1092 paulo
555 1022 692 1077 seniorem
720 1038 861 1076 nocemus.
903 1020 938 1076 ad
962 1021 1089 1076 carmina
1111 1024 1205 1076 autem
1234 1021 1309 1090 quod

144 1111 250 1178 attinet,
274 1111 400 1180 scripsit,
424 1112 457 1166 ut
479 1111 598 1166 decebat
621 1110 833 1181 philosophum,
853 1110 887 1164 de
910 1127 1003 1165 rerum
1026 1113 1128 1165 nature
1150 1111 1236 1166 libros
1259 1110 1310 1166 ali-

143 1204 213 1270 quot.
239 1201 335 1269 itaque
355 1204 384 1255 et
402 1217 419 1255 a
437 1203 564 1270 tempore
584 1202 613 1254 st
631 1217 648 1254 a
667 1204 823 1254 carminum
840 1216 942 1270 genere
955 1200 1027 1255 bene
1042 1217 1071 1255 se
1086 1200 1173 1255 habet
1187 1198 1310 1268 suspicio

144 1293 271 1358 nostw).
308 1307 374 1343 nam
397 1290 473 1359 quod
493 1287 615 1344 Celtiber
636 1289 784 1359 (Eknatius
809 1289 930 1345 occurrit
953 1289 982 1343 in
1002 1289 1119 1344 Beckeri
1142 1290 1224 1344 inser.
1244 1287 1309 1343 cett.

146 1386 184 1445 11,
202 1385 246 1446 16)
265 1379 368 1434 litteris
387 1396 502 1449 operam
520 1378 649 1447 nauanit,
668 1379 808 1433 neminem
827 1382 895 1449 puto
914 1378 1044 1434 offendet.

209 1468 328 1524 Carmen
347 1469 405 1523 tere
424 1485 449 1523 a.
465 1474 500 1523 68
519 1468 653 1539 seriptum
671 1469 700 1522 in
719 1467 882 1523 memoriam
903 1467 982 1522 nobis
1001 1470 1117 1524 reuocat
1135 1470 1228 1522 truces
1246 1467 1312 1522 illos

144 1574 165 1611 e.
183 1556 246 1612 VIII
264 1557 388 1624 iambos,
407 1575 441 1612 ex
460 1557 561 1626 quibus
581 1558 734 1613 uersiculos
753 1557 867 1626 quidam
887 1573 943 1612 non
959 1559 1017 1612 sine
1034 1557 1150 1612 consilio
1170 1558 1214 1611 est
1231 1573 1310 1626 repe-

143 1647 216 1702 titus.
243 1664 295 1702 uec
315 1647 389 1701 enim
410 1646 446 1701 ob
465 1664 527 1702 eam
547 1663 631 1701 unam
651 1664 766 1702 eausam
784 1648 836 1702 hos
855 1665 951 1702 stersus
970 1647 1038 1701 iecit
1056 1649 1148 1716 poeta,
1167 1648 1200 1700 ut
1218 1646 1310 1716 ligna·

143 1737 209 1790 tium
226 1737 398 1805 contemptui
418 1736 510 1804 daret,
530 1736 581 1790 sed
599 1736 663 1791 ideo
682 1737 782 1806 etiam,
806 1740 838 1791 ut
856 1735 971 1791 Lesbiae
991 1735 1092 1805 prioris
1114 1735 1248 1804 temporis
1266 1751 1310 1789 re-

144 1825 326 1881 cordationem
347 1826 375 1879 in
394 1825 517 1880 animum
536 1826 690 1881 reduceret.
719 1826 786 1894 quid
801 1825 1028 1880 reconciliat-ione
1044 1825 1120 1879 facta
1133 1824 1311 1878 iureiurando

144 1914 266 1984 pollicita
284 1917 370 1978 esset,
393 1913 451 1968 leui
475 1915 558 1969 nimis
577 1920 670 1969 mente
696 1914 785 1968 oblita
804 1918 876 1969 erat:
903 1915 957 1969 hoc
977 1913 1103 1968 Catullus
1127 1912 1250 1967 amasiae
1269 1911 1310 1964 in-

145 2003 255 2058 memori
272 2003 314 2057 ita
332 2003 460 2073 suggerit
484 2002 609 2058 uersibus
628 2004 758 2058 dulcibus
779 2010 810 2057 11
827 2021 903 2073 sqq.‚
927 2005 959 2056 nt
982 2002 1066 2056 simul
1085 2019 1169 2072 quam
1187 2000 1311 2070 indignis

145 2109 203 2146 cum
220 2091 379 2148 hominibus
397 2109 471 2147 nunc
490 2095 616 2148 uersctur
634 2111 696 2148 eam
716 2092 841 2162 edoceat.

629 2283 817 2340 mvm.
854 2301 858 2309 ·

212 2397 238 2450 1.
266 2395 389 2467 Halesi,
417 2395 576 2466 Cornltlol,
603 2397 656 2451 100
683 2396 814 2452 11010110.
859 2395 944 2450 solita
969 2399 1014 2450 est
1039 2395 1115 2449 uitas
1141 2391 1311 2447 cottidianae

145 2485 258 2540 turmula
276 2484 450 2548 (Kuehnerus
469 2502 510 2553 gr.
529 2484 547 2536 l.
569 2483 593 2536 II
611 2501 638 2553 p.
655 2487 694 2552 7),
721 2502 776 2552 qua
796 2484 891 2539 Cicero
915 2485 943 2537 in
972 2483 1101 2554 epistulis
1124 2482 1234 2550 saepius
1258 2480 1312 2534 uti·

146 2580 199 2641 tur,
216 2574 302 2628 semel
321 2574 349 2626 in
368 2571 543 2626 orationibus
559 2571 648 2640 (Verr.
664 2572 702 2626 lV
718 2579 762 2642 44,
778 2580 811 2628 35
831 2592 979 2643 eremorum
993 2579 1049 2627 tons
1063 2573 1132 2626 rieule
1149 2578 1186 2625 est
1201 2571 1311 2636 Ss‘crslr's,

145 2664 207 2732 quin
225 2667 299 2733 equ),
318 2678 390 2730 quae
411 2661 457 2716 hio
477 2662 594 2715 testibus
610 2658 659 2715 iru.
679 2667 694 2715 2
715 2665 743 2716 et
762 2669 777 2717 3
805 2663 839 2716 de
864 2662 987 2731 eorporis
1011 2660 1171 2715 ualetudine
1195 2660 1313 2713 aduersa

146 2756 184 2806 est
201 2751 376 2822 accipienda,
399 2753 432 2804 ut
450 2751 531 2804 Mart.
553 2751 576 2803 X
599 2757 644 2817 13,
665 2757 696 2804 10
720 2752 766 2804 reis
788 2753 878 2805 dicam
900 2752 970 2805 neeric
992 2753 1028 2804 sit
1052 2768 1100 2804 cur
1126 2752 1192 2814 tihi,
1212 2748 1312 2802 Cotto?

146 2843 204 2894 100
221 2848 271 2905 est,
295 2839 352 2893 Cic.
372 2839 408 2892 ad
428 2839 485 2891 Att.
507 2838 543 2891 IV
564 2846 593 2906 6,
612 2846 628 2892 3
648 2841 802 2894 meliuscule
821 2840 940 2894 Lemnio
958 2857 1024 2905 000ος
1045 2841 1079 2894 cl.
1099 2841 1128 2893 et
1147 2840 1257 2893 Petron.
1279 2844 1312 2891 bt

143 2932 248 2998 pessime
265 2930 334 2982 mitri
352 2933 411 2982 erut
430 2930 459 2981 et
477 2928 540 2981 Ter.
560 2928 611 2982 nd.
633 2927 669 2981 lV
690 2935 719 2994 5,
739 2934 771 2981 21
796 2931 888 2982 anieno
911 2931 981 2982 male
1005 2935 1050 2984 est.
1088 2946 1170 2997 porro
1191 2928 1255 2982 uide
1275 2928 1312 2982 ad

148 3019 180 3072 Vl
196 3028 222 3085 1,
240 3017 302 3072 Xlll
318 3025 348 3084 6,
367 3016 431 3070 XIV
448 3024 487 3070 13.
519 3016 692 3083 Cornificius,
713 3017 817 3071 Catulli
837 3017 954 3084 sodalis,
975 3019 1091 3072 docente
1112 3016 1243 3071 carminis
1257 3017 1312 3070 fine

147 3113 224 3176 poeta
241 3107 305 3175 luit;
325 3107 399 3159 undo
417 3106 536 3175 procliui
556 3121 622 3159 sane
643 3123 676 3158 ac
690 3122 779 3175 paene
794 3110 873 3160 certa
887 3107 1050 3160 coniectura
1064 3107 1129 3160 indo
1144 3107 1179 3159 ab
1195 3106 1311 3160 assatio

147 3196 216 3249 docti
240 3197 318 3250 illum
342 3213 398 3248 non
417 3193 503 3247 ulium
528 3212 587 3247 esse
612 3196 740 3248 statuunt
763 3213 948 3263 quamquem
969 3196 1049 3251 Ouid.
1070 3200 1104 3250 tr.
1125 3195 1149 3247 II
1170 3200 1221 3247 436
1241 3195 1313 3248 inter

146 3291 266 3339 cantores
295 3282 482 3351 Euphorionis
510 3285 722 3348 commemoret,
749 3285 888 3337 mortuum
917 3301 979 3336 eum
1006 3302 1029 3337 a.
1051 3302 1074 3338 a.
1096 3285 1158 3338 Chr.
1179 3289 1210 3336 ll
1239 3285 1313 3336 teste

148 3375 321 3441 Iiieron5mo:
355 3371 519 3437 Cornificius
541 3377 623 3439 poeto
650 3390 668 3423 n
696 3373 829 3425 militibus
855 3374 975 3426 ‹lesmtus
1001 3375 1119 3437 interiit,
1145 3390 1210 3440 quos·
1235 3389 1313 3439 sreepc

145 3464 272 3532 [00100100
291 3461 426 3529 ’00100100
445 3460 562 3528 lepores'
584 3461 747 3527 adpellurct.
784 3462 867 3513 leuius
892 3478 969 3514 soror
990 3462 1154 3527 Cornificio,
1174 3462 1252 3514 euim
1271 3461 1313 3512 in·

145 3553 231 3621 storria
253 3554 348 3604 extant
372 3551 570 3617 epiprarnrnota
594 3550 638 3616 (cl.
660 3549 811 3603 Merkelius
835 3551 869 3603 ud
897 3549 992 3603 ouidii
1014 3548 1072 3603 Ibin
1097 3552 1210 3618 peso).
1249 3549 1313 3601 uide

146 3641 177 3693 de
195 3658 228 3692 eo
247 3655 331 3708 supra
350 3656 376 3706 p.
394 3643 425 3690 10
441 3656 494 3705 sq.‚
520 3636 669 3705 Bergidum
695 3656 788 3706 opusc.
810 3638 820 3689 I
840 3658 866 3707 p.
882 3645 933 3692 545
950 3659 1021 3708 sqq.¹
1046 3637 1211 3693 'l‘euffelium
1233 3638 1313 3691 tht.

148 3735 235 3793 111011,
253 3734 279 3780 3.
312 3727 396 3780 ‘male
416 3730 459 3779 est
477 3726 511 3779 si’
533 3725 608 3793 quod
629 3725 651 3780 V
672 3726 770 3792 trudit,
794 3727 904 3780 solitam
926 3726 1045 3780 breuiali
1063 3726 1139 3780 illius
1160 3727 1209 3780 ‘st'
1231 3727 1313 3780 libra·

148 3818 190 3870 riis
213 3816 316 3871 insoliti
342 3815 372 3868 in
397 3816 452 3869 ‘si’
479 3815 684 3883 corruptionem
714 3818 743 3868 ct
769 3816 852 3868 simul
875 3814 999 3869 additam
1025 3824 1210 3871 correcturum
1238 3817 1311 3869 ‘est'

148 3906 235 3959 hstes.
251 3936 283 3945 —
305 3903 334 3957 2.
353 3904 463 3958 molest
482 3903 654 3957 mehercule
669 3905 700 3958 01
714 3903 876 3958 laboriose.
903 3906 1027 3973 grauiter
1041 3904 1172 3960 iteratum
1188 3906 1312 3958 ‘instem'

210 4087 236 4153 ⁸)
260 4101 346 4152 quarn
371 4098 434 4134 oum
459 4098 485 4132 a.
508 4086 576 4134 1871
600 4081 672 4135 anal.
695 4080 1162 4151 001011.045110010101100010,
1184 4086 1214 4135 nt
1232 4082 1314 4134 simul

146 4165 300 4234 fragmenta
329 4159 443 4231 Egnatii
472 4162 545 4229 aprrd
575 4161 747 4215 blaerobiunr
777 4161 902 4214 extantia
933 4163 1125 4228 emendarem,
1157 4161 1314 4230 nuperrime

145 4245 313 4301 LIIueIIerus
338 4242 455 4296 candem
479 4247 508 4294 01
531 4240 689 4309 opinionem
713 4242 747 4293 de
773 4239 886 4308 Egnatii
913 4243 1006 4293 aclatc
1034 4244 1062 4293 et
1090 4240 1312 4294 emendationem

146 4325 216 4392 {libri
235 4323 313 4380 illius
333 4321 434 4376 famosi
455 4322 498 4386 ‘Q.
515 4320 629 4374 Ennius’
651 4318 781 4389 inscripti
800 4339 825 4390 p.
842 4326 904 4387 282)
925 4325 1065 4389 tamquam
1087 4338 1163 4372 sumn
1180 4321 1270 4375 denuo
1286 4324 1313 4374 in

144 4407 258 4463 medium
281 4401 406 4474 protulit.
