2940 4912
205 304 248 367 82
499 377 506 387 ·
724 304 762 358 111
784 311 859 359 1-2.

202 464 306 533 quique
334 464 377 518 his
404 463 534 534 propitiis
563 463 623 518 nati
657 466 724 518 suut
749 465 889 532 homines,
918 467 951 518 ut
978 464 1131 534 passerculi
1158 467 1217 519 tam
1246 465 1376 520 amabilis

202 554 367 621 uenustique
391 557 510 607 mortem
533 553 664 623 lugeant,
688 553 741 607 hoc
765 555 820 623 est,
845 554 927 608 corde
952 554 1074 609 doleant.
1111 570 1162 608 nec
1182 555 1319 609 Venerem
1343 557 1376 608 nt

187 634 264 697 ¹eam
289 659 361 710 quae
387 642 510 710 gaudeat
534 643 694 711 passeribus
721 644 865 711 tamquam
893 641 1010 696 sacratis
1037 642 1092 697 sibi
1115 641 1246 708 aniculis,
1272 643 1321 696 ssd
1346 648 1377 698 ut

204 732 294 786 omnis
312 732 422 801 gratiae
440 730 693 800 pulcritudinisque
718 731 800 786 deam
820 732 958 801 adpellat;
982 747 1073 799 neque
1090 730 1164 785 idem
1184 730 1285 800 plurali
1306 731 1376 786 ‘Ve-

201 822 296 876 neres'
323 821 412 874 utitur
438 819 529 874 sterili
554 837 617 875 cum
640 821 767 876 doctrina
791 820 861 890 (siue
888 820 962 888 quod
992 823 1082 874 mater
1105 819 1196 874 Idalia
1221 820 1377 890 compluria

201 911 300 964 habuit
310 908 477 978 cognomina
491 909 551 964 siue
566 910 641 978 quod
656 910 783 964 diuersas
795 911 917 964 Veneres
932 909 1017 964 fuisse
1032 908 1233 979 mythographi
1246 911 1376 964 narrant:

201 997 257 1053 Cic.
272 998 298 1052 d.
313 1017 340 1052 9.
356 999 383 1052 d.
398 998 435 1052 IlI
450 1003 493 1066 23,
512 1003 571 1064 59),
591 998 640 1052 sed
659 999 734 1067 quod
753 998 782 1051 in
801 998 861 1052 sola
880 999 988 1053 Venere
1007 998 1136 1066 quamuis
1155 997 1236 1052 huius
1255 995 1376 1066 agminis

199 1088 327 1158 principe
347 1088 461 1142 minime
481 1105 510 1142 se
529 1087 666 1154 continet,
689 1087 736 1140 sed
758 1088 865 1141 ceteras
885 1103 995 1155 quoque
1014 1085 1081 1141 deas
1100 1085 1230 1141 dominae
1248 1085 1292 1140 illi
1310 1102 1375 1140 cou-

201 1176 308 1231 similes
327 1193 531 1247 conparesque,
550 1180 621 1246 puta
639 1179 704 1230 aute
722 1194 818 1231 omues
834 1175 958 1242 Gratias,
973 1192 1029 1230 uua
1042 1175 1208 1247 compellam
1228 1177 1257 1230 et
1274 1175 1373 1230 eodem

200 1267 296 1335 modo,
327 1283 496 1336 quamquam
525 1283 596 1319 unus
623 1282 691 1335 prae
718 1266 818 1320 ceteris
843 1264 951 1335 Cupido
976 1265 1013 1320 ab
1036 1263 1197 1319 hominibus
1221 1263 1374 1330 colebatur,

198 1357 294 1410 tamen
314 1373 410 1411 omnes
430 1355 489 1409 eius
505 1355 620 1423 iratres,
639 1357 779 1423 quotquot
792 1355 884 1409 minus
898 1354 959 1410 noti
974 1355 1060 1423 uulgo
1075 1353 1258 1420 delituerunt,
1277 1351 1373 1407 Iocum

202 1448 285 1513 atque
306 1446 409 1499 Lusum
429 1445 533 1513 quique
553 1448 618 1497 sunt
636 1442 685 1498 alii
699 1441 820 1510 Ἔρωτες
839 1444 995 1510 (Claudias.
1016 1444 1050 1497 de
1063 1444 1143 1512 nupt
1158 1443 1229 1498 Hon.
1245 1449 1288 1506 22,
1308 1441 1373 1496 Hor.

199 1535 371 1602 od.119,l
395 1540 481 1588 nsoter
505 1550 590 1589 sacac
610 1532 802 1602 Cupidinum),
826 1532 909 1586 simul
932 1533 1052 1587 accersit
1075 1533 1111 1587 ad
1139 1533 1254 1587 luctum.
1290 1529 1375 1586 facile

200 1625 296 1679 autem
315 1624 383 1692 quid
398 1624 472 1678 iuter
485 1623 657 1692 singularem
673 1622 779 1676 ‘Venus
794 1623 823 1675 et
837 1620 957 1690 Cupido’
978 1624 1008 1676 91
1023 1622 1097 1676 huuc
1111 1621 1249 1692 pluralem
1263 1620 1377 1675 intersit

197 1712 351 1783 perspicies
370 1710 541 1781 comparatis
559 1711 633 1765 inter
656 1729 685 1765 se
704 1709 822 1763 XXXVI
841 1717 872 1777 3,
895 1709 944 1763 ubi
961 1708 1064 1764 Lesbia
1088 1710 1145 1765 suis
1164 1708 1274 1765 scilicet
1293 1709 1376 1764 unius

199 1801 282 1856 rebus
306 1802 454 1856 cousulens
478 1799 615 1871 singulari
639 1800 739 1867 utitur,
764 1800 794 1853 et
812 1798 876 1852 XIII
897 1805 943 1865 12,
968 1798 1016 1852 ubi
1034 1799 1152 1868 pluralis
1171 1796 1292 1854 recurrit
1309 1815 1374 1854 cum

198 1891 297 1946 eadem
318 1908 402 1961 qnam
422 1890 468 1944 hic
488 1891 621 1945 habemus
646 1888 851 1959 significatione
870 1888 995 1958 generali
1015 1888 1107 1957 (Mart.
1128 1888 1165 1942 IX
1185 1895 1232 1956 11,
1251 1895 1268 1942 9
1288 1892 1318 1944 91
1335 1886 1375 1942 XI

200 1987 242 2049 13,
261 1987 277 2035 5
296 1982 393 2036 eodem
413 1979 497 2034 modo
522 1979 611 2033 utitur
634 1977 756 2048 plurali).
794 1994 850 2031 uon
876 1993 1024 2047 possumus
1047 1979 1142 2032 autem
1169 1977 1302 2033 accedere
1325 1976 1375 2044 eis,

200 2069 249 2139 qui
268 2068 407 2140 pluralem
427 2068 572 2123 ‘Veneres'
594 2086 627 2122 ex
651 2067 857 2122 adsimilatione
880 2067 958 2120 uocis
977 2065 1175 2135 subsequentis
1196 2064 1371 2136 ‘Cupidines'

200 2159 362 2228 prouenisse
381 2158 480 2211 dicunt
497 2156 542 2224 (ci.
563 2155 758 2210 KPSchulzius
778 2155 912 2211 Fleckeis.
932 2171 996 2210 aun.
1018 2160 1086 2210 1382
1111 2174 1137 2225 p.
1153 2159 1230 2224 106);
1254 2171 1320 2209 nam
1339 2153 1374 2209 de

200 2247 261 2302 sola
280 2246 460 2300 multitudiue
480 2244 540 2315 agi,
565 2244 744 2298 manifestum
764 2242 858 2298 reddit
884 2261 938 2298 uox
959 2245 1141 2312 ‘quantum'r
1161 2262 1269 2313 omnes,
1294 2246 1374 2313 quot

197 2339 267 2405 quot
285 2338 314 2390 91
332 2335 500 2404 quicumque
519 2335 590 2401 (tam
609 2333 638 2387 di
657 2351 742 2402 quam
760 2332 898 2403 homines)
918 2339 995 2401 sunt,
1016 2334 1063 2401 qui
1082 2332 1240 2388 uenustatis
1259 2349 1373 2389 sensnm

198 2426 317 2494 habent,
337 2425 506 2479 concientur.
543 2426 621 2477 amat
639 2424 733 2477 autem
751 2421 878 2477 Catullus
898 2423 1057 2490 ‘quantum'
1078 2426 1108 2478 et
1127 2423 1287 2493 ‘quidquid’
1308 2440 1372 2479 cou-

199 2515 315 2585 iungere
339 2533 403 2569 cnm
425 2513 558 2584 genetiuo
581 2512 730 2583 partitiuo:
758 2512 845 2566 habes
866 2512 1033 2579 ‘quantum’
1059 2514 1089 2566 91
1108 2512 1250 2568 ‘tautum'
1273 2512 1374 2578 lX10,

197 2602 364 2657 LXXXVIII
388 2609 418 2670 4,
443 2601 469 2655 V
494 2608 540 2668 13,
571 2601 635 2655 XIV
658 2608 688 2668 7,
718 2600 805 2654 XCIX
829 2608 858 2667 6,
885 2601 1052 2670 ‘quidquid’
1080 2601 1118 2654 Vl
1143 2608 1190 2670 15,
1216 2600 1305 2655 XXXI
1330 2608 1373 2669 14,

197 2690 327 2765 XXXVII
351 2698 367 2745 4
391 2690 438 2757 (cf.
465 2693 494 2745 et
511 2691 550 2745 VI
571 2698 586 2744 5
611 2695 639 2744 91
664 2697 710 2757 14,
734 2689 850 2744 XXVIII
874 2695 904 2757 4,
929 2687 1123 2758 xxxvlrlr,
1146 2689 1206 2746 XCI
1226 2696 1284 2759 10);
1307 2691 1374 2746 uide

199 2780 335 2836 Haasium
351 2781 387 2835 ad
402 2779 557 2849 Reisigium
572 2781 629 2832 not.
645 2785 696 2833 530
712 2781 741 2832 91
757 2779 902 2848 praelecti.
917 2778 942 2831 II
957 2796 983 2847 p.
998 2783 1033 2833 28
1047 2797 1107 2847 sqq.
1136 2779 1285 2835 cohaerere
1299 2779 1374 2835 inter

197 2889 226 2926 se
248 2871 401 2925 ‘Veneres’
429 2874 458 2923 et
477 2869 711 2936 ‘uenustiorum’,
735 2868 825 2937 primo
849 2869 968 2937 apparet
991 2871 1105 2937 optutu3
1130 2886 1249 2937 quarum
1270 2887 1372 2925 uocum

197 2961 395 3030 cognationem
415 2960 470 3012 iam
490 2960 599 3012 ueteres
624 2960 771 3013 senserunt
794 2956 862 3025 (Cic.
882 2957 909 3012 d.
927 2975 953 3011 n.
974 2958 1000 3012 d.
1020 2957 1108 3027 1127,
1128 2964 1175 3027 69;
1196 2957 1313 3025 Quintil.
1333 2959 1371 3014 VI

198 3057 223 3116 3,
245 3053 302 3118 18):
329 3049 431 3103 dicitur
450 3050 599 3102 uenustum
618 3048 646 3101 id
666 3047 741 3115 quod
759 3047 869 3101 ueneris
888 3046 1052 3116 gratiaeque
1072 3053 1116 3102 sst
1133 3047 1254 3123 plepum.
1291 3048 1372 3104 cuius

198 3157 319 3194 conexus
339 3155 445 3192 memor
463 3135 554 3192 Plaut.
575 3136 661 3191 Stich.
682 3136 707 3190 II
728 3143 751 3204 1,
770 3142 786 3189 5
809 3139 985 3191 aeternitates
1002 3138 1123 3191 omnium
1141 3153 1271 3192 ueneram
1290 3143 1375 3208 atque

129 3226 135 3237 '
197 3233 371 3283 uenustatam
391 3227 497 3293 adserm
523 3224 663 3293 habetque
687 3229 772 3295 poeta
794 3230 890 3281 noster
908 3225 1123 3280 uenustissimus
1142 3227 1171 3280 in
1188 3225 1297 3281 deliciis
1316 3229 1372 3283 hoc

197 3317 377 3383 uocabulum,
399 3316 483 3371 modo
502 3318 612 3370 tantum
632 3315 668 3369 ad
692 3317 835 3369 externam
859 3314 983 3384 corporis
1006 3315 1128 3384 speciem
1148 3315 1311 3384 cultumque
1329 3334 1372 3373 re·

197 3408 288 3462 terens
308 3423 364 3461 non
382 3405 441 3460 sine
461 3404 594 3460 inrisione
614 3403 689 3473 (XIII
709 3412 738 3472 6,
758 3404 898 3458 LXXXIX
917 3411 947 3473 2,
967 3402 1067 3458 XCVII
1087 3406 1124 3474 9),
1142 3404 1226 3461 modo
1248 3406 1285 3460 ad
1304 3422 1370 3462 con·

124 3517 130 3530 ·
196 3499 323 3553 iunctum
341 3514 405 3551 cum
418 3498 472 3551 hoc
486 3496 657 3565 insitumque
672 3493 766 3548 animo
781 3512 798 3548 a
812 3497 914 3548 natura
928 3492 1018 3563 pulcri
1033 3509 1155 3549 amorem
1171 3495 1258 3563 atque
1272 3493 1370 3550 ineffa-

196 3586 284 3642 bilem
309 3586 388 3640 illam
416 3603 546 3639 sensnum
573 3583 766 3652 dictorumque
792 3582 915 3653 gratiam
939 3586 968 3637 91
990 3583 1160 3639 suauitatem
1185 3586 1229 3652 (ut
1246 3583 1325 3638 XXII
1344 3591 1371 3655 2,
1456 3574 1462 3581 ’

197 3674 298 3728 XXXV
320 3682 362 3740 17,
384 3673 522 3727 LXXXVI
542 3679 577 3743 4).
616 3673 652 3727 ad
670 3672 894 3742 comparatiunm
914 3671 1127 3728 ‘uenustiorum’
1149 3688 1217 3728 caue
1236 3674 1370 3743 suppleas

198 3764 298 3831 ‘quam
317 3763 402 3817 ceteri
421 3763 559 3831 uenusti',
580 3763 626 3817 sed
647 3762 741 3832 potius
762 3763 863 3830 ‘quam
882 3761 984 3830 uulgus
1004 3761 1165 3815 hominum'
1188 3761 1320 3817 similiter
1337 3765 1371 3817 91

199 3851 236 3906 IX
262 3859 294 3906 10
323 3852 486 3919 beatiorem,
514 3853 586 3907 unde
616 3852 820 3906 ‘uenustiores’
851 3850 897 3906 hic
925 3853 991 3906 eunt
1019 3850 1046 3905 ei
1074 3851 1121 3919 qui
1148 3850 1195 3905 uel
1223 3850 1369 3920 paululum

197 3942 353 3996 uenustatis
378 3958 459 3995 sensu
485 3943 550 3994 sunt
572 3941 680 3996 imbuti.
725 3941 834 4010 ‘lugete
859 3943 994 4009 quantum
1018 3941 1076 3995 eet'
1103 3945 1168 4010 (nou
1193 3940 1315 4010 ‘estis’),
1337 3943 1371 3997 91

198 4030 289 4086 XXXI
306 4038 339 4084 14
353 4031 447 4097 ridete,
461 4031 595 4099 quidquid
611 4037 648 4085 eet
660 4032 804 4100 (Dissenus
819 4031 853 4084 ad
866 4030 926 4086 Tib.
939 4030 949 4082 I
964 4036 989 4097 2,
1004 4033 1057 4097 35).
1070 4061 1101 4069 -
1117 4030 1174 4084 iam
1188 4029 1238 4085 ubi
1251 4037 1306 4088 ud
1320 4048 1371 4102 per

196 4122 352 4189 asyndeton
373 4118 573 4190 explicatiuum
595 4122 638 4189 (ut
652 4123 681 4175 et
701 4139 726 4176 u.
744 4123 788 4188 15)
808 4137 892 4174 causa
911 4120 1096 4174 inuocatiouis
1111 4124 1155 4175 est
1173 4119 1292 4189 reddita,
1311 4126 1369 4176 94

196 4210 266 4263 haec
285 4226 370 4263 causa
389 4210 430 4263 ita
448 4209 629 4276 inlustratur,
653 4214 684 4264 ut
703 4210 802 4280 prioris
827 4210 862 4263 ad
882 4226 1023 4279 passerem
1047 4209 1178 4264 carminis
1197 4228 1293 4265 uersus
1312 4210 1369 4281 pri·

197 4317 257 4353 mus
274 4301 424 4368 repetatur.
453 4302 529 4354 recte
543 4297 728 4368 Verburgins:
750 4300 937 4381 ‘uenustatem
953 4297 1083 4367 repetitio
1097 4299 1154 4353 ista
1166 4316 1223 4354 non
1237 4299 1369 4370 exiguam

101 4451 105 4458 ¹
196 4389 289 4444 habet.
328 4405 437 4457 passer,
456 4389 550 4457 inquit
568 4382 706 4456 Catullus,
730 4389 841 4458 puellae
860 4404 939 4443 meae
963 4390 1007 4442 cst
1030 4392 1171 4456 mortuum
1194 4405 1251 4446 noa
1272 4404 1370 4461 pauet
