2940 4912
185 307 250 372 526
637 305 768 362 LXVIIIb
787 311 899 362 81-64.

185 469 229 522 uti
246 468 314 522 uelet
337 484 433 523 aarum
456 472 552 536 caput,
578 468 661 538 Vorg.
681 469 749 524 Aen.
770 467 808 521 IV
828 473 880 523 654
905 467 1057 537 capitisque
1073 466 1184 521 iniuria
1201 466 1276 533 cari,
1295 463 1359 519 Val.

186 558 277 614 Flacc.
296 556 322 610 II
339 563 393 613 404
412 559 441 613 et
458 556 496 612 IV
516 562 574 626 24),
599 560 731 628 nepotem
754 575 860 625 serum,
883 557 938 612 hoc
957 558 1012 625 est,
1036 555 1095 610 siue
1119 552 1287 610 naturaliter
1309 570 1361 624 pro

185 647 323 718 longaeac
342 662 395 702 auo
416 649 495 713 (Aen.
511 647 549 701 VI
564 653 616 702 764
631 651 660 701 et
676 646 738 700 VIII
753 652 820 715 581,
839 647 941 700 huson.
958 644 1023 700 XIII
1039 651 1072 700 19
1093 643 1247 712 Scb.)-siue
1265 642 1361 713 potius

186 753 249 790 cum
268 735 370 790 affectu
391 736 451 789 ‘diu
470 736 660 805 expectatum’
681 736 766 804 (filiae
785 735 965 789 matrimonio
984 735 1100 804 longum
1117 748 1167 804 per
1181 735 1291 803 tempus
1305 733 1361 786 ste·

185 825 251 893 rili),
271 824 356 895 plane
376 827 407 879 ut
425 842 556 895 graecum
572 820 708 893 ὀψίγονος
722 826 752 879 et
764 824 926 895 τηλύγετοςς
947 822 1097 878 Santonius
1111 839 1154 892 cp.
1169 821 1250 876 Hom.
1265 821 1361 890 hymn.

186 914 245 970 Cer.
263 920 315 968 164
329 932 368 982 sq.
388 916 417 968 et
431 920 482 967 219
501 915 592 967 παῖδα
612 912 643 968 δέ
663 932 710 983 μοι
728 912 813 982 τρέφε
833 911 932 979 τόνδε,
951 910 1001 967 τὸν
1016 907 1154 981 ὀψίγονον
1169 909 1219 965 καὶ
1237 905 1362 964 ἄελπτον

186 998 305 1057 ὤπασαν
323 997 480 1069 ἀθάνατοι,
500 1000 675 1072 πολυάρητος
693 1001 726 1056 δέ
746 1022 793 1073 μοι
813 997 895 1057 ἐστίν.
917 1031 950 1042 -
970 1001 1023 1072 81,
1044 1000 1091 1056 82.
1110 1000 1177 1072 qul,
1197 1014 1265 1055 cun
1283 998 1362 1053 diul-

185 1091 240 1146 tlls
262 1091 317 1146 uix
340 1091 459 1147 tandem
483 1090 626 1147 iuuentus
650 1091 743 1147 aultls
761 1105 869 1147 nomen
892 1091 1020 1146 testatem
1047 1089 1156 1145 intulit
1177 1089 1210 1144 ln
1228 1087 1361 1143 tabulas.

186 1181 350 1250 nepotulus,
376 1180 425 1234 ubi
448 1181 514 1250 post
536 1181 652 1250 longam
676 1181 898 1250 expectationem
922 1179 969 1250 (ci.
993 1179 1029 1233 ad
1054 1177 1129 1232 LXII
1152 1179 1181 1248 2)
1204 1176 1362 1244 adquisItus

187 1267 361 1338 adeptusque
381 1270 425 1321 est
449 1268 523 1335 (Ter.
542 1269 643 1325 Heuut.
663 1269 700 1322 IV
720 1276 745 1337 7,
767 1275 797 1323 12
817 1269 1000 1323 iuueuieudus
1017 1272 1056 1321 cst
1075 1268 1190 1337 aliquis,
1209 1267 1301 1322 labore
1318 1266 1362 1319 iu-

186 1363 270 1410 ueuta
287 1373 346 1410 meu
365 1357 489 1410 cuidem
513 1357 597 1424 ουτος
621 1357 662 1410 sic
681 1358 779 1412 Graeci
803 1353 955 1425 εὑρίσκειν)
979 1355 1026 1411 aui
1049 1354 1149 1425 opibus
1172 1355 1309 1426 (datiane)
1333 1357 1364 1409 et

188 1446 312 1500 ‘nomen’
332 1444 443 1499 heredis
463 1445 581 1499 ‘Intulit’
603 1446 662 1502 siue
681 1446 856 1502 inferendum
874 1447 953 1502 dedit
966 1445 995 1501 in
1008 1447 1210 1501 testamcutum
1224 1442 1361 1498 sollemne

186 1533 380 1604 praesentibus
404 1533 524 1589 testibus
549 1536 682 1604 scriptum
707 1536 949 1606 obsignatumque.
987 1536 1019 1590 ut
1042 1536 1095 1591 hoc
1121 1535 1232 1588 ‘nomeu
1252 1532 1361 1587 intulit’

188 1625 234 1693 (an
253 1624 362 1692 poetice
381 1640 431 1693 pro
452 1623 543 1678 ‘cuius
561 1641 662 1679 nomen
681 1625 800 1680 inlatum
820 1626 873 1680 est’
896 1626 955 1680 siue
976 1624 1036 1695 ‘qui
1054 1623 1221 1678 nominatim
1240 1623 1361 1692 scriptus

187 1715 230 1767 eut
253 1712 356 1780 heres‘,
381 1715 414 1766 ut
432 1711 487 1767 Cio.
513 1714 555 1768 ait
577 1714 770 1782 deor.138,
791 1715 869 1780 1751)
894 1714 954 1768 sins
977 1713 1105 1783 exemplo
1129 1714 1174 1767 est
1196 1711 1304 1766 dictum
1328 1710 1362 1765 ad

187 1801 400 1856 similitudinem
418 1800 496 1856 illius
516 1803 637 1858 ‘heredis
655 1804 855 1873 nuncupatio'‚
875 1804 916 1857 ita
934 1802 1049 1858 tabulae
1068 1800 1245 1867 testamenti,
1266 1817 1363 1868 quem·

187 1890 338 1945 admodum
363 1889 473 1959 plenius
497 1891 650 1960 loquuntur
673 1894 736 1959 icti,
760 1909 835 1948 nouo
859 1891 944 1946 modo
967 1891 1087 1946 audiunt
1110 1890 1253 1944 ‘testatae’
1279 1889 1364 1957 (uude

188 1978 358 2033 Schraderus
382 1978 504 2033 coniecit
523 1980 680 2049 ‘ceratas’);
707 1982 756 2035 sed
780 1997 843 2035 cum
868 1980 945 2034 nuda
967 1996 1021 2034 uox
1041 1978 1178 2033 ‘tabulae’
1199 1978 1362 2047 saepissime

187 2067 355 2123 adhibeatur
378 2069 413 2123 de
431 2071 616 2136 testamento,
643 2071 784 2126 ‘testatas’
810 2087 866 2125 non
891 2068 1072 2139 explicuerim
1098 2068 1181 2138 ‘quse
1204 2083 1363 2136 supremam

187 2157 361 2211 uoluntatem
380 2156 454 2211 senis
472 2157 610 2212 indicunt’
631 2159 677 2226 (cf.
698 2176 739 2216 ex.
759 2178 800 2229 gr.
821 2159 876 2213 ‘ius
899 2155 1055 2225 testandi')‚
1080 2155 1130 2210 ssd
1154 2156 1237 2224 ‘quae
1259 2157 1363 2210 testato

188 2249 292 2315 (coram
316 2245 445 2315 testibus)
468 2250 534 2301 sunt
556 2247 674 2314 factac'3
699 2248 734 2303 ci.
760 2249 834 2304 Guil.
860 2247 975 2302 Reiiiius
998 2245 1064 2300 libri
1089 2245 1149 2300 ‘das
1172 2243 1361 2300 Privatrscbt’

187 2352 214 2403 p.
235 2340 294 2389 791.
331 2337 407 2390 recte
431 2340 523 2390 autem
549 2335 710 2392 Sautenius:
737 2337 836 2392 ‘totius
860 2337 916 2391 loci
941 2335 1101 2390 intellectus
1127 2332 1233 2402 pendet
1258 2348 1276 2385 a
1301 2333 1364 2402 lege

188 2422 327 2492 Voconia,
347 2441 418 2492 quae
437 2424 606 2493 prohibebat
624 2426 722 2494 nequis
740 2427 872 2480 feminum
892 2427 937 2494 (nc
956 2425 1068 2478 unicam
1083 2422 1195 2490 quidem
1209 2421 1310 2490 filiam)
1324 2421 1365 2475 in·

187 2512 317 2567 stitueret
335 2513 467 2567 heredem
487 2514 534 2585 [cl.
549 2514 665 2569 Iteinius
679 2515 697 2570 l.
713 2514 730 2570 l.
746 2533 773 2584 p.
790 2521 841 2571 778
857 2515 945 2585 sqq.];
965 2528 1037 2582 quae
1057 2512 1081 2565 si
1098 2526 1166 2565 uara
1180 2511 1224 2564 est
1237 2510 1364 2564 animad-

186 2600 293 2669 uersio,
311 2618 365 2656 nou
385 2603 506 2671 amplius
526 2620 588 2657 oum
608 2603 672 2657 ullis
697 2604 770 2657 hunc
797 2605 926 2672 nepotem
952 2601 988 2655 ab
1007 2600 1143 2655 intestato
1162 2599 1293 2654 heredem
1312 2614 1364 2654 nec

187 2707 220 2745 eo
240 2693 308 2745 nato
328 2694 527 2745 testamentum
548 2692 639 2762 rumpi
659 2691 796 2758 dicemus3
816 2691 919 2761 quippe
939 2691 987 2760 qui
1006 2706 1059 2744 auo
1079 2692 1206 2744 materno
1227 2703 1278 2742 nec
1298 2705 1363 2741 suus

187 2796 238 2833 nec
256 2782 376 2849 agnatus
396 2782 469 2847 erat¹
490 2780 539 2834 sed
559 2783 595 2836 ub
614 2798 646 2836 so
666 2781 747 2835 heres
765 2781 849 2835 scribi
864 2781 996 2850 poterat’.
1013 2810 1045 2818 -
1065 2777 1113 2849 88,
1133 2776 1181 2832 84.
1201 2777 1295 2846 impla
1314 2777 1364 2831 de·

188 2868 245 2923 risi
265 2869 390 2937 gentilis
409 2870 520 2937 gaudia
539 2870 651 2925 tollens
672 2871 800 2925 suseltut
818 2886 836 2924 a
855 2883 930 2925 cano
949 2867 1118 2923 uolturium
1137 2866 1243 2935 capltl.
1275 2882 1363 2935 nepo-

186 2958 262 3012 tulus
286 2959 365 3013 heres
389 2958 536 3013 institutus
562 2960 663 3029 gentili
687 2959 773 3014 alicui
800 2960 846 3029 (ci.
870 2957 985 3013 Reiriius
1007 2958 1026 3011 L
1045 2957 1063 3012 l.
1088 2975 1115 3026 p.
1135 2961 1187 3010 506
1205 2959 1292 3024 sqq.)‚
1315 2955 1365 3025 qui

187 3047 339 3101 secundum
355 3047 447 3116 legem
462 3046 513 3102 XII
527 3049 688 3103 tabularum
703 3051 729 3103 si
742 3050 949 3118 paterfamilias
962 3050 1090 3102 intestato
1103 3047 1234 3110 paritur,
1252 3045 1365 3111 familia

186 3137 358 3203 pecuniaque
376 3137 434 3189 eius
452 3143 585 3205 aquatum
599 3141 794 3208 prutiliumque
813 3144 867 3193 esto
880 3137 937 3190 iam
952 3136 1111 3191 inhiauerat
1125 3134 1240 3201 diuitiis,
1258 3132 1364 3203 gaudia

188 3222 308 3278 scelesta
329 3224 374 3289 (ad
391 3222 481 3278 XXIII
499 3229 555 3293 10),
574 3226 676 3293 quibus
696 3241 773 3296 spem
793 3226 866 3279 senis
885 3226 1015 3294 nepotem
1035 3221 1219 3277 desiderantis
1234 3221 1364 3276 frustrari

188 3311 303 3382 gauisus
327 3315 387 3366 erat
410 3312 459 3366 ille
483 3312 511 3368 in
536 3315 622 3368 tacIto
642 3314 716 3383 sinu,
742 3314 845 3369 euertit
869 3314 993 3368 funditus
1017 3315 1047 3367 et
1063 3311 1118 3366 iam
1139 3312 1230 3380 ipsum
1249 3327 1298 3380 spe
1317 3311 1364 3364 dc·

190 3405 301 3470 ceptum
323 3401 391 3455 risui
408 3403 495 3457 tradit
510 3403 587 3471 (Hor.
603 3406 654 3458 sat
671 3405 693 3457 ll
710 3410 734 3470 5,
750 3409 783 3458 57
806 3409 982 3473 captatorque
999 3402 1078 3456 dabit
1095 3402 1169 3456 risus
1187 3400 1295 3454 Nasica
1315 3399 1364 3454 (la

190 3493 271 3559 runo)
291 3489 429 3560 simulque
448 3492 528 3547 illum
550 3493 641 3563 abigit
659 3496 840 3562 remanetque
860 3494 895 3548 ab
914 3509 969 3547 auo
987 3495 1130 3559 tamquam
1149 3488 1289 3544 uolturem
1307 3489 1363 3543 iam

191 3580 261 3634 nihil
289 3581 410 3650 praedas
439 3583 630 3651 captaturum
661 3582 752 3637 Plaut.
776 3581 841 3639 trin.
868 3588 917 3636 101
942 3587 999 3636 tum
1027 3586 1117 3635 autem
1143 3585 1208 3634 suut
1235 3580 1288 3634 alii
1315 3579 1365 3647 qui

187 3676 212 3724 te
230 3671 381 3724 uolturium
401 3674 446 3738 (==
466 3671 579 3725 auidum
599 3675 695 3742 opum)
714 3679 827 3736 uocaset,
852 3670 932 3726 Ouid.
952 3670 1025 3725 trist.
1047 3671 1058 3723 l
1077 3675 1102 3734 6,
1123 3676 1153 3724 11
1175 3675 1224 3724 aut
1242 3674 1274 3722 ut
1292 3669 1364 3721 edas

187 3761 285 3813 uultur
312 3776 411 3829 corpus
438 3762 644 3830 circumspicit.
661 3803 687 3829 .,
714 3763 755 3815 sie
781 3778 840 3815 mea
867 3762 957 3815 nescio
984 3761 1058 3829 quis,
1088 3759 1168 3813 rebus
1194 3758 1264 3810 male
1290 3757 1365 3824 fidus

188 3850 305 3914 acerbis,
328 3850 359 3903 iu
378 3850 449 3903 boesa
471 3855 618 3916 uenturus,
643 3853 668 3904 si
682 3855 820 3919 paterere,
839 3851 908 3917 luit,
931 3848 1011 3904 Maru
1032 3847 1070 3901 Vl
1090 3853 1139 3913 62,
1158 3850 1175 3899 4
1198 3848 1278 3901 cuias
1302 3846 1364 3900 uul-

188 3939 260 3992 turis
281 3940 330 3992 hoe
353 3941 405 3993 erit
428 3941 562 4007 cadauer,
587 3940 648 3992 Seu.
673 3938 753 4008 epist.
779 3943 826 4005 95,
847 3944 880 3991 43
904 3939 991 3992 antico
1014 3936 1116 4004 aliquis
1138 3950 1220 4003 aspra
1242 3935 1362 4001 adsidet;

185 4029 341 4096 probamus.
379 4033 409 4081 at
432 4028 481 4081 boe
503 4028 661 4082 hereditatis
684 4045 770 4082 causa
792 4029 874 4094 facit:
899 4027 997 4081 aeuitur
1015 4030 1065 4090 est,
1089 4023 1209 4078 cadauer
1226 4028 1362 4091 ceperim

188 4116 274 4170 simili
301 4117 422 4185 imagine
451 4117 516 4171 Hor.
545 4120 595 4170 sat.
624 4115 650 4168 Il
678 4123 708 4182 5,
732 4123 766 4170 56
795 4133 908 4170 coruum
935 4116 1041 4170 deludit
1066 4113 1194 4167 tiautem.
1240 4109 1363 4178 denique

189 4204 300 4259 ‘cauum
320 4206 416 4274 caput'
438 4223 548 4274 quoque
563 4204 724 4275 copulatum
740 4206 776 4260 ob
790 4205 1022 4260 aIIItterationem
1036 4215 1125 4272 paene
1139 4200 1168 4253 in
1182 4197 1361 4268 prouerbium

188 4294 271 4349 abiit:
295 4293 386 4349 Plaut.
407 4295 483 4352 Asin.
504 4293 528 4346 V
547 4302 573 4361 2,
592 4300 625 4349 84
645 4301 674 4349 ο1
693 4296 793 4350 Bacch.
813 4294 838 4347 V
859 4301 882 4363 1,
905 4301 936 4350 15
956 4297 985 4350 et
1004 4293 1065 4349 Cas.
1085 4290 1124 4346 Ill
1146 4295 1169 4354 1,
1188 4292 1204 4339 4
1224 4290 1254 4341 et
1274 4288 1360 4343 Mero.

189 4379 253 4450 112,
272 4390 315 4450 31,
334 4382 394 4440 Tib.
410 4383 422 4436 I
442 4391 466 4449 1,
486 4390 528 4450 72,
549 4385 629 4438 Ouid.
646 4384 708 4439 iast.
726 4382 748 4436 V
769 4390 811 4453 57,
831 4384 905 4440 Pers.
929 4391 952 4451 1,
972 4390 1014 4438 88.
1052 4383 1087 4436 de
1106 4376 1232 4435 ablatiuo
1249 4376 1360 4447 ‘capiti'
