2940 4912
610 257 686 313 erII
707 263 818 313 16-16,
1233 259 1300 324 325

125 419 301 491 6666666661
319 419 441 487 frenaret
460 419 594 490 aequare)
608 416 699 488 primo
713 416 830 486 pluralis
844 436 922 474 casn:
941 418 1055 474 Lachm.
1071 419 1107 474 ad
1122 419 1200 475 Luor.
1214 439 1242 491 p.
1256 427 1300 489 tt,

125 507 312 564 Buechelerus
331 507 367 563 de
386 507 486 564 deolin.
507 507 556 563 lat.
575 526 602 577 p.
619 513 665 576 16,
685 509 721 562 ad
740 506 827 562 LXIV
847 512 888 562 14.
920 509 1029 578 ‘parare
1048 509 1207 564 uictoriam‘
1229 509 1301 564 dixit

124 597 189 653 ’166
208 597 301 653 Germ.
321 603 367 663 6ος
396 597 444 652 sed
463 596 499 651 de
517 613 584 651 uero
604 596 754 667 participio
774 613 837 651 6661
857 596 975 666 eogitari
993 601 1115 667 nequeat
1133 598 1161 652 in
1180 598 1300 653 uictoria

124 688 247 743 noudum
271 687 449 756 comparata,
474 686 611 757 ‘paratus’
636 686 780 756 accipiunt
804 687 975 757 ‘promptus,
998 687 1028 742 in
1051 687 1144 742 medio
1167 687 1297 756 positus’.

124 777 173 831 sed
191 776 324 847 palmam,
344 774 413 830 lieet
430 792 485 829 non
504 775 626 843 facilem,
645 773 700 829 sibi
719 775 747 828 in
762 776 895 844 promptu
909 792 970 830 esee
984 792 1040 829 non
1053 777 1171 845 possunt
1185 777 1298 832 omnino

122 865 237 929 innuere
261 865 389 932 iuuenes,
419 863 467 932 qui
494 878 558 918 mox
580 882 609 918 6.
633 870 665 918 16
692 863 764 918 ‘iure
791 864 879 933 igitur
906 866 1061 920 uiuoemur’
1091 865 1194 920 dicant.
1235 866 1299 935 ipsa

123 961 215 1010 autem
238 954 388 1008 uerborum
413 953 571 1008 conlocatio
591 955 674 1010 ,uetat
696 955 845 1022 quominus
873 954 1035 1023 asyndetioe
1063 955 1219 1010 6666661661
1242 955 1298 1009 duo

122 1059 276 1113 synonyma
290 1043 422 1112 copulata
435 1059 494 1097 6666
511 1042 617 1113 (utique
633 1043 836 1112 expectandum
851 1048 895 1098 est
910 1045 976 1099 ‘non
991 1043 1083 1098 facilis
1099 1060 1150 1099 neo
1163 1045 1296 1114 parata’).

122 1132 270 1202 legendum
290 1134 360 1201 puto
380 1131 519 1201 ‘peratu‘;
538 1148 555 1186 6
574 1149 630 1200 qua
649 1130 855 1188 constructione
879 1134 977 1187 notum
1002 1135 1046 1188 est
1064 1149 1115 1188 666
1133 1136 1231 1203 poetas
1249 1133 1296 1187 ab·

122 1219 259 1276 stinuisse.
285 1251 318 1260 -
342 1220 389 1275 16.
414 1235 514 1277 seeum
538 1221 573 1275 66
591 1219 737 1275 6161111666
759 1221 933 1289 requirunt.
971 1221 1296 1293 16661666666611661-

122 1326 260 1379 6661666
283 1313 467 1379 6166661616,
489 1327 599 1379 6616661
623 1309 682 1363 6166
701 1311 797 1379 666166
817 1309 877 1365 6166
895 1309 983 1366 tacite
1006 1313 1072 1365 6666
1090 1311 1230 1366 contraria
1248 1311 1296 1379 eis,

123 1416 193 1469 qnae
216 1399 310 1454 subito
333 1398 553 1469 profunduntur,
577 1401 610 1452 ut
634 1398 930 1454 01111161661Χ661
954 1403 1085 1455 meditata
1107 1401 1205 1469 aerbo,
1230 1401 1295 1455 Tae.

123 1488 187 1543 dial.
208 1494 249 1555 10,
269 1487 341 1542 Plin.
360 1487 443 1557 epist.
463 1487 476 1541 I
496 1493 529 1543 16
547 1489 607 1543 etue
625 1489 757 1542 meditata
774 1490 834 1543 6166
851 1491 946 1544 sabito
960 1491 1100 1559 proferret
1118 1491 1148 1545 et
1164 1506 1264 1561 paneg.
1279 1496 1295 1544 6

122 1579 279 1633 meditatam
296 1594 418 1644 carmen,
436 1576 501 1632 6116.
533 1579 669 1632 66611166
689 1579 755 1646 (666
775 1595 837 1631 6661
859 1578 1040 1648 ‘requirunt’)
1058 1580 1143 1648 Iunge
1164 1580 1295 1633 ‘seeum':

123 1666 394 1734 6166666146,
416 1673 466 1720 144
491 1672 522 1720 at
539 1668 627 1737 siqui,
651 1682 711 1721 cam
734 1683 845 1722 cuasam
867 1669 905 1723 eit
927 1673 1054 1735 aeterra,
1077 1670 1109 1722 16
1131 1670 1296 1723 1616616666

122 1757 152 1809 ia
170 1757 355 1811 ambulatione
372 1771 461 1810 secam
479 1757 537 1824 ipse
556 1756 712 1810 meditetur:
731 1755 864 1810 nimirum
882 1755 939 1810 alia
958 1773 991 1809 ex
1010 1754 1067 1809 6116
1086 1756 1208 1823 quaerit,
1228 1756 1295 1826 quid

122 1846 279 1914 argumenti
297 1845 333 1899 ad
352 1844 509 1900 canendum
528 1844 732 1914 excogitauent
750 1845 921 1914 auferatque.
953 1846 982 1900 16
1002 1844 1027 1901 V
1046 1861 1110 1898 oum
1128 1862 1178 1916 per
1196 1845 1294 1915 116616-

122 1934 268 2004 graphium
287 1933 422 2004 soriptum
438 1937 513 1988 esset
528 1933 666 2002 ‘medita’,
681 1931 747 1989 huie
762 1933 892 1988 adhaesit
906 1950 961 1988 uox
976 1951 1093 2003 sequens
1107 1935 1163 1989 iarn
1178 1934 1295 1990 discissa

122 2023 265 2092 euasitque
282 2023 430 2077 ‘meditare
449 2023 612 2092 quaerunt’:
632 2039 689 2076 non
708 2023 797 2078 latere
816 2023 934 2077 formam
950 2023 1141 2092 ‘requaerunt’
1158 2025 1187 2078 et
1201 2024 1295 2079 mandi

121 2110 198 2182 origo
217 2110 342 2167 ostendit
360 2114 389 2167 et
409 2112 431 2165 Τ
451 2112 605 2167 confirmat.
626 2142 659 2152 -
679 2111 728 2167 16.
747 2126 807 2166 666
826 2111 944 2167 trustra
963 2113 1163 2170 modttanturs
1182 2113 1294 2169 hahent

121 2201 313 2257 memorabile
337 2201 417 2270 quod
440 2200 492 2256 sit.
536 2201 618 2256 aliter
645 2219 719 2255 nuno
744 2202 874 2271 (cogente
897 2201 1112 2270 aequabilitate,
1141 2220 1196 2271 qua
1223 2204 1293 2258 haee

121 2291 294 2361 epanalepsis
321 2291 473 2361 respondet
500 2291 588 2360 priori
616 2289 645 2344 in
673 2309 699 2347 6.
723 2290 974 2362 9)“meditantur’
1002 2290 1043 2345 ita
1070 2291 1234 2359 adhibetur,
1261 2295 1294 2346 ut

121 2395 214 2434 onmes
234 2380 318 2434 simul
336 2381 392 2434 iam
410 2380 565 2435 deliberare
584 2382 698 2435 cantum
718 2382 824 2450 aptum,
839 2379 942 2434 auditis
961 2379 1136 2450 singularum
1150 2381 1231 2449 66116,
1252 2381 1292 2435 di-

120 2469 228 2534 eantur;
256 2485 340 2536 quam
363 2485 422 2522 rem
446 2485 577 2539 prospere
601 2469 698 2524 cedere
722 2485 756 2523 61
782 2467 907 2522 66161666
932 2467 1088 2538 puellarum
1116 2469 1292 2538 adgnoscunt

120 2558 203 2626 pueri.
233 2555 361 2613 ‘babent'
378 2558 461 2613 huius
477 2558 669 2614 meditationis
684 2559 805 2613 fructum
823 2557 930 2612 indicat
948 2559 993 2626 (=
1007 2574 1165 2627 repperere,
1184 2560 1216 2612 ut
1228 2557 1289 2613 Ter.

120 2645 187 2701 Eun.
208 2645 245 2701 IV
264 2653 289 2714 4,
310 2653 324 2701 7
346 2649 460 2703 habesne
477 2651 626 2715 bominem,
646 2647 784 2717 6666661).
823 2647 1008 2713 memorab),
1026 2647 1171 2702 hominum
1189 2646 1292 2703 notitia

119 2752 150 2789 66
164 2735 299 2790 memoria
312 2736 436 2806 dignum.
473 2739 508 2792 de
528 2738 624 2807 ‘quod'
640 2738 758 2792 traiecto
776 2735 957 2791 66610616.
977 2743 1000 2791 9.
1019 2768 1050 2776 -
1068 2735 1114 2792 11.
1130 2736 1290 2792 6616111661

120 2826 238 2895 6661666
258 2841 334 2894 quae
352 2828 418 2882 toto
436 2828 535 2882 mente
555 2827 706 2882 laborant.
744 2827 816 2882 liber
834 2825 995 2890 Thneueus,
1021 2826 1065 2880 oui
1085 2827 1137 2881 soli
1157 2827 1289 2882 dehemus

119 2915 189 2969 huno
203 2932 325 2982 6616616,
344 2916 431 2971 habet
446 2917 508 2971 ‘neo
523 2916 645 2969 mirum’.
684 2916 731 2969 sed
747 2916 801 2969 hoo
815 2915 839 2970 61
852 2915 1005 2969 1661666166
1020 2915 1065 2982 (ot.
1081 2915 1171 2970 XXIII
1185 2919 1221 2985 7),
1237 2917 1290 2972 uti-

119 3022 170 3073 que
190 3021 252 3058 curn
266 3005 408 3060 ueteribus
424 3005 594 3059 editionibus
610 3006 759 3060 ‘laborent’
775 3005 952 3059 scribendum
966 3006 1017 3072 666,
1036 3007 1068 3058 66
1084 3005 1177 3074 ‘quae’
1194 3006 1290 3060 ualeat

121 3094 192 3147 ‘oum
207 3095 268 3148 eae'
281 3099 324 3163 (61
337 3095 367 3149 66
377 3097 429 3163 tt).
456 3094 545 3149 lenius
557 3096 600 3148 est
609 3094 699 3148 uisum
712 3094 859 3149 1666166616
869 3094 898 3148 id
908 3093 1162 3170 quodiulemmate
1173 3095 1288 3166 legitur:

119 3199 165 3237 666
185 3183 314 3238 nimirum
335 3202 405 3254 quae
425 3201 534 3254 semper
553 3183 629 3238 omni
648 3201 710 3238 oum
725 3184 827 3238 mentis
841 3183 995 3238 intentione
1009 3183 1035 3238 ei
1051 3184 1104 3252 rei,
1124 3203 1206 3254 quam
1223 3202 1288 3240 con-

118 3272 194 3342 sequi
217 3272 328 3338 uoluut,
354 3290 466 3342 operam
491 3275 604 3328 666666.
647 3273 757 3343 saepius
784 3273 823 3328 sie
848 3275 999 3329 ‘laborare’
1025 3275 1152 3329 absolute
1176 3274 1289 3343 ponitur

118 3362 203 3416 etiam
221 3362 251 3416 in
270 3362 372 3416 mentis
392 3362 472 3428 66116,
492 3366 524 3416 66
538 3364 603 3416 Η61.
620 3379 643 3416 a.
659 3382 686 3432 p.
702 3368 751 3416 641
773 3364 850 3417 eadat
869 3366 983 3418 maltam
1001 3365 1160 3433 frustraque
1178 3365 1287 3418 laboret.

119 3451 251 3520 ‘penitus’
273 3468 336 3504 cum
352 3452 434 3505 ‘tota’
451 3451 548 3520 iunge,
568 3453 600 3504 116
615 3452 699 3521 Verg.
716 3452 766 3505 ecl.
783 3457 806 3517 1,
822 3457 864 3505 66.
885 3482 918 3490 -
938 3453 985 3506 16.
1005 3466 1060 3505 1166
1079 3452 1141 3505 6116
1160 3452 1287 3522 mantea,

119 3540 178 3595 6116
197 3540 356 3595 (1161616166
375 3555 476 3595 66166.
515 3540 587 3595 ‘noe'
614 3558 676 3594 oum
697 3542 738 3594 ui:
762 3557 812 3594 nos
835 3544 940 3594 666616,
978 3539 1061 3609 Verg.
1082 3542 1148 3594 Aen.
1170 3540 1207 3592 IV
1226 3546 1286 3607 686,

118 3627 179 3681 VIII
198 3636 232 3683 60
251 3635 331 3698 atque
350 3632 472 3683 66161616
496 3647 570 3684 arrae
593 3632 646 3685 huc
669 3631 789 3695 celerem,
812 3646 887 3682 osane
908 3630 1013 3683 diuidit
1031 3631 1097 3683 illae
1116 3629 1197 3697 (Stat.
1217 3631 1286 3684 Aah.

118 3718 217 3785 1660).
255 3718 328 3772 61616
349 3717 435 3773 Italus
454 3719 567 3788 quidam
588 3719 783 3774 ‘dimisimus’:
807 3735 888 3773 66166
912 3735 967 3772 666
986 3717 1164 3772 dimittuntur
1182 3719 1285 3788 aliquo.

118 3809 202 3862 immo
221 3809 291 3863 11666
310 3810 353 3862 666
373 3810 524 3863 sententia:
551 3813 645 3863 nostra
662 3808 782 3863 intentio
800 3826 855 3863 non
875 3810 918 3861 est
935 3809 1009 3874 tota,
1028 3807 1075 3860 sed
1096 3807 1199 3876 diuisa,
1222 3827 1284 3863 oum

117 3896 184 3952 alibi
205 3899 312 3951 6166666
336 3914 471 3965 auresque
495 3899 604 3952 nostrae
629 3901 774 3952 uersentur
793 3897 862 3967 (soil.
881 3913 936 3951 non
955 3895 984 3950 in
1008 3898 1091 3951 661166
1115 3896 1285 3965 meditando,

117 3986 164 4039 sed
179 3986 252 4054 apud
268 3986 376 4055 6661166
391 4005 422 4040 61
438 3987 555 4042 aduorso
571 3987 719 4055 sedentes).
748 3989 792 4041 666
804 3985 892 4056 igitur
906 3986 974 4040 ‘alto
985 4031 990 4041 .
1002 4029 1007 4039 .
1019 3984 1075 4040 alio
1086 3988 1132 4056 (=
1142 3986 1193 4055 et)'
1208 4004 1285 4056 repe·

116 4075 178 4130 titio
199 4092 273 4130 mere
293 4076 432 4129 rhetorica
447 4079 512 4146 (68),
531 4079 560 4130 66
573 4094 641 4130 6666
656 4093 691 4130 66
705 4075 896 4147 interpreteris
912 4075 951 4129 ‘in
967 4075 1065 4129 aliare
1080 4078 1186 4129 mentes
1200 4092 1284 4143 quam

116 4180 195 4219 aures
210 4166 274 4218 sunt
288 4167 462 4235 occupatae’.
493 4170 521 4221 66
534 4169 627 4221 616666
642 4170 671 4220 66
685 4166 797 4220 auribus
808 4165 856 4234 qui
867 4165 894 4217 16
905 4164 997 4219 116616
1007 4167 1079 4230 6666,
1096 4165 1168 4218 ‘tota
1177 4167 1282 4219 mente'

115 4253 250 4308 laborant.
272 4283 304 4292 -
325 4253 370 4310 16.
391 4257 471 4309 aurat
490 4255 622 4310 61666116
645 4270 760 4311 euram.
798 4255 890 4323 Eurip.
911 4253 1013 4307 Phoen.
1035 4259 1083 4306 761
1110 4251 1282 4324 66166616

114 4344 197 4397 stada
211 4337 269 4397 loss
283 4344 341 4398 πᾶν
356 4339 503 4418 εὐβουλία,
524 4344 594 4399 Ciris
610 4350 643 4398 66
659 4361 723 4397 num
737 4361 832 4398 aarum
845 4345 992 4410 sanamur,
1007 4348 1081 4397 66166
1099 4342 1283 4415 Polyhymnia
