2940 4912
488 316 637 376 censen
656 317 706 372 nn
725 288 939 377 oosnnnnnr
956 329 1053 379 s-m.
1315 324 1353 389 71

146 504 231 541 susm
248 483 409 541 extulisse
423 499 489 536 uum
504 480 643 550 petendus
658 483 702 535 est
712 479 858 538 Catullus?
880 501 965 552 quum
979 485 1007 539 in
1018 503 1077 540 rem
1086 486 1197 542 suffecit
1209 487 1280 541 illud
1291 488 1356 543 ‘boc

146 576 281 639 libelli';
302 592 381 629 mm
403 587 490 642 saepe
510 571 594 626 ‘hoc’
619 587 683 624 cum
702 571 835 641 genetiuo
854 573 994 642 pertitino
1013 574 1055 629 itu
1073 575 1252 646 coniungitur
1270 579 1302 631 ut
1320 579 1355 632 dc

148 669 189 721 rei
208 683 308 736 quam
338 661 495 732 genstiens
517 660 624 715 indicet
646 658 739 729 pretio
762 660 871 730 aliquid
895 663 1072 730 detrahetur,
1095 667 1128 718 ut
1150 665 1224 734 epnd
1243 666 1299 721 Cic.
1318 669 1354 722 sd

149 759 217 810 tsm.
229 755 258 810 ΙΙ
276 762 308 822 8,
320 761 341 808 8
356 767 443 823 quoru
455 751 504 806 hoc
517 751 555 805 ad
568 756 593 805 te
607 750 763 804 litterarum
776 752 848 819 dedi,
863 752 939 820 quod
954 755 1029 808 recte
1045 753 1208 808 Knehnerus
1224 755 1353 826 [gramm.

152 848 199 901 ht.
220 845 249 899 11
271 863 305 914 p.
322 841 398 914 sle]
420 838 543 910 explicet
563 839 650 894 ‘hunc
674 839 788 894 breuem
813 843 896 909 teque
921 840 969 896 nix
988 841 1102 913 dignum
1122 844 1305 914 epistulcm’;
1326 848 1355 900 et

153 937 191 990 ric
220 935 301 988 ‘hee
331 929 446 986 libelli’
474 929 693 999 interpretamur
720 929 809 983 ‘bunc
836 931 1014 1001 nugatorium
1041 950 1214 1002 paruumque
1236 934 1353 990 fetum'.

154 1028 253 1094 potest
277 1021 409 1091 quidem
432 1018 470 1072 ed
492 1019 546 1073 lroc
569 1018 641 1073 bene
666 1035 716 1073 nec
737 1019 819 1087 plene
845 1020 983 1089 superflue
1006 1019 1139 1076 accedere
1158 1021 1285 1077 additum
1304 1025 1355 1078 sut

157 1113 392 1183 ‘qualecumque
411 1108 465 1163 sst’
485 1110 535 1161 sut
554 1105 701 1177 ‘quidquid
720 1108 792 1175 sst’3
811 1111 943 1178 recteque
959 1111 1115 1182 ¹conferunt
1133 1111 1169 1165 ed
1187 1113 1241 1165 hoc
1259 1111 1353 1182 Prisp.

156 1210 215 1270 ῃ
235 1204 270 1257 et
290 1200 383 1255 Mat.
400 1196 441 1251 111
462 1202 486 1264 l,
506 1202 520 1248 1
540 1198 622 1265 (quos
641 1196 717 1251 loces
736 1215 770 1251 ex
788 1200 886 1253 nostro
905 1213 1051 1269 expressos
1070 1217 1129 1255 esse
1147 1200 1252 1270 inepte,
1272 1205 1304 1256 ut
1322 1201 1352 1255 in

157 1293 287 1347 dictione
314 1289 356 1343 de
381 1287 469 1342 triuio
493 1289 618 1356 sumpte,
643 1287 804 1342 statuerunt
827 1287 979 1356 nonnulli),
1005 1288 1042 1343 sd
1066 1290 1136 1343 illud
1157 1293 1251 1345 sutem
1271 1292 1351 1348 Lucr.

159 1382 180 1434 ll
201 1388 235 1435 16
255 1380 380 1447 deqiter
398 1377 449 1431 noc
466 1378 530 1431 aeui
555 1379 600 1443 (=
619 1392 737 1445 paruum
756 1376 890 1445 spatium)
914 1379 1100 1447 quodmmqm
1118 1386 1169 1445 est,
1188 1382 1256 1435 Aen.
1276 1380 1289 1433 I
1308 1388 1351 1449 78,

158 1472 272 1525 Censor.
297 1476 326 1531 1,
348 1473 366 1520 5
385 1466 572 1536 quodcumque
589 1466 639 1519 bec
657 1466 724 1519 libri
747 1470 798 1532 est,
821 1465 897 1519 idem
916 1471 960 1535 21,
979 1473 995 1520 t
1014 1468 1063 1521 boc
1080 1470 1265 1538 quodcumque
1283 1472 1350 1525 culi-

159 1562 245 1629 cisu's,
264 1558 347 1619 alirn
366 1555 418 1610 sed
438 1554 514 1608 nullu
532 1553 641 1626 ratione
660 1555 824 1622 utrumque,
843 1557 873 1609 et
892 1553 1049 1623 ‘quicquid’
1067 1558 1095 1611 st
1110 1556 1346 1628 ‘qualecumqueb

160 1652 213 1702 ism
234 1647 318 1702 euim
341 1643 504 1698 excedentis
523 1657 635 1708 omnem
650 1641 765 1696 modum
780 1645 867 1711 atque
881 1641 994 1712 ineptae
1008 1643 1180 1713 putidaeque
1196 1647 1350 1704 modestiae

162 1734 411 1806 significationem
425 1730 570 1785 exhiberet
583 1732 675 1800 pects.
704 1747 873 1800 quemquem
889 1732 967 1800 tolie,
987 1733 1010 1787 si
1029 1748 1084 1786 non
1099 1735 1263 1801 sentiuntur,
1278 1736 1350 1791 diffi-

161 1826 210 1881 cile
235 1822 486 1879 demonstrantur.
528 1837 586 1874 non
610 1837 740 1875 ueremur
766 1823 873 1888 sutem,
899 1838 934 1875 ne
960 1821 1022 1889 quis
1047 1821 1139 1876 Taciti
1165 1823 1226 1877 loco
1253 1825 1348 1881 adlato

162 1915 239 1967 sirus
260 1909 431 1980 ‘quicquid'
451 1908 486 1963 sd
505 1908 643 1963 ambitum
656 1909 761 1977 libelli,
782 1910 1008 1980 ‘qualecumque’
1030 1910 1066 1964 sd
1081 1911 1202 1981 pretinm
1222 1917 1349 1983 spectare

162 2006 258 2073 putet3
277 2018 351 2055 unm
370 1998 409 2052 de
428 1998 535 2052 ambitu
553 1998 659 2052 meiere
677 1999 785 2054 minore
806 2001 886 2054 nullu
905 2001 988 2070 plene
1008 2001 1159 2056 excusandi
1178 2018 1262 2056 ceusu
1280 2008 1349 2071 erut,

162 2100 187 2145 et
204 2093 284 2147 inest
303 2090 381 2144 haec
401 2087 481 2143 notio
499 2087 557 2142 iam
575 2086 619 2141 illi
638 2088 703 2142 ‘boc
723 2087 835 2143 libelli'.
872 2104 963 2158 neque
983 2091 1129 2160 mitigetur
1148 2091 1248 2147 uitium
1267 2093 1348 2162 illud,

163 2176 451 2251 si‘quulecumqus’
478 2176 515 2230 ed
540 2193 649 2231 nemum
672 2181 836 2245 sequentem
860 2179 998 2232 trahimus
1018 2180 1249 2250 (‘quslecumque
1272 2185 1348 2251 quod

164 2271 305 2335 maueut’,
327 2267 385 2322 hec
406 2270 449 2321 est
469 2265 574 2334 ‘quod,
592 2266 761 2321 cuicuimodi
785 2271 840 2334 est,
860 2269 1003 2322 mencet’:
1028 2269 1062 2322 ct.
1086 2285 1127 2323 ex.
1147 2289 1187 2340 gr.
1208 2271 1288 2339 Prop.
1308 2271 1347 2326 Ill

166 2368 202 2421 ἐι,
218 2367 253 2415 16
273 2364 306 2414 et
325 2364 372 2422 2³,
388 2359 428 2422 9)=
448 2355 709 2425 quomodocumque
724 2356 882 2425 distribuis,
897 2360 993 2411 menet
1011 2358 1113 2428 triplex
1127 2358 1178 2412 ille
1193 2359 1347 2415 modestius

165 2447 337 2519 significatio
357 2443 464 2499 Catulli
487 2443 669 2513 simplicitate
693 2444 897 2514 indignissime.
936 2445 1031 2515 itaque
1055 2448 1078 2501 si
1098 2448 1264 2502 alterutrum
1284 2449 1346 2505 loco

166 2539 245 2593 debet
260 2537 376 2601 cedere,
393 2533 600 2588 remouebimus
616 2531 772 2602 ‘quiequid'
790 2532 847 2588 iem
862 2533 897 2587 ab
913 2532 974 2603 ipso
989 2553 1080 2601 uersu,
1095 2537 1206 2604 qualem
1221 2537 1251 2590 in
1264 2537 1347 2593 initio

167 2627 389 2689 «meudenimus,
405 2623 578 2678 dsmnstum.
609 2639 676 2676 usus
691 2640 750 2676 sum
767 2621 834 2676 olim
851 2623 930 2678 ueris
943 2624 1072 2691 lectione,
1091 2642 1162 2694 quse
1176 2625 1205 2679 in
1221 2624 1245 2681 G
1259 2625 1345 2681 hube-

168 2730 215 2777 τω,
236 2717 320 2770 'mei’
344 2715 382 2767 sd
403 2714 475 2766 hanc
495 2711 684 2766 coniecturum
706 2712 772 2765 ‘mei
792 2713 844 2767 boc
864 2712 980 2778 libelli';
1001 2717 1099 2783 postes
1118 2715 1259 2785 perspexi,
1281 2716 1345 2770 ‘hoc

169 2808 268 2861 Lbelli’
291 2806 396 2873 suapte
415 2805 516 2854 natum
536 2818 589 2854 non
610 2802 731 2855 tolerare
756 2802 882 2856 additum
904 2803 1000 2857 ‘mci’.
1038 2822 1207 2873 quemquem
1227 2806 1345 2874 persisto

170 2899 191 2946 in
214 2913 247 2948 cs
272 2892 432 2956 sententia,
457 2907 513 2958 qua
537 2890 607 2943 hunc
627 2890 794 2958 scripturum
814 2909 847 2945 ex
866 2891 955 2946 altero
974 2894 1070 2946 codice
1090 2894 1204 2963 Belgico
1227 2896 1345 2962 petitam

171 2999 274 3037 uterne
294 2981 487 3035 adhibendam
509 2996 569 3032 esse
588 2978 646 3032 dixi
661 2980 727 3044 (uel.
744 2980 753 3032 Ι
774 2998 799 3049 p.
816 2979 875 3033 XLI
896 2983 973 3047 not).
1003 2985 1148 3050 corruptus
1163 2988 1206 3037 est
1222 2985 1345 3038 funditus

171 3074 207 3124 'nic
226 3090 327 3125 uersus
347 3075 433 3138 etque
457 3070 619 3136 lacunosus,
639 3086 704 3123 ecce
729 3069 808 3123 adest
831 3069 902 3123 illud
928 3069 1014 3124 ‘mei’
1035 3072 1105 3124 nulli
1126 3073 1235 3141 glossae
1256 3073 1344 3141 suspi-

171 3163 231 3215 tioni
250 3161 408 3216 obnoxium
428 3159 550 3228 (glossae
570 3159 643 3212 enim
663 3175 797 3224 nusquam
818 3158 891 3213 inter
912 3159 1003 3213 uarius
1023 3159 1086 3213 illus
1102 3161 1260 3229 lectiones):
1280 3161 1344 3229 quis

173 3254 246 3304 tomo
272 3250 363 3303 serius
388 3248 433 3301 hic
459 3264 555 3300 casum
582 3247 695 3300 subesse
721 3247 851 3316 putabit?
889 3248 959 3302 mihi
986 3267 1058 3302 nunc
1084 3249 1112 3302 in
1139 3248 1227 3303 ‘mei'
1255 3249 1343 3303 latere

173 3340 275 3394 mlum
296 3339 390 3400 ‘mel',
409 3337 483 3406 quod
504 3337 569 3390 sedo
589 3355 639 3390 sus
658 3337 805 3407 depulsum
830 3337 860 3390 in
879 3339 1034 3407 marginem
1054 3338 1198 3406 migrauit,
1224 3355 1342 3404 cumque

174 3430 230 3483 ml'
248 3431 363 3482 extaret
384 3424 485 3479 ‘libelli
560 3426 638 3490 rnei',
659 3425 746 3495 ipsius
766 3426 844 3480 uocis
863 3427 975 3481 ‘libelli'
992 3428 1108 3480 alterurn
1126 3425 1273 3480 lectionem
1294 3425 1342 3476 ud-

174 3536 223 3569 rm
242 3519 297 3573 sibi
319 3515 460 3586 persuasit
480 3514 567 3583 quit}
587 3515 705 3583 scripsit.
735 3516 886 3569 blandities
905 3516 1035 3569 nimirum
1056 3516 1095 3570 sic
1115 3513 1239 3567 Catullus
1261 3519 1344 3569 uocat

174 3610 299 3661 emirum:
321 3606 356 3660 ct.
373 3602 483 3657 Caelius
503 3603 578 3672 apud
598 3601 653 3656 Cic.
674 3605 708 3656 sd
730 3603 793 3658 lem,
812 3604 875 3656 Vlll
896 3610 920 3670 8,
943 3612 954 3657 l
976 3606 1004 3657 C.
1021 3605 1210 3671 Sempronium
1226 3603 1341 3670 Rufum,

176 3698 216 3748 sel
232 3714 266 3750 uc
284 3696 403 3749 delr'm'us
420 3701 498 3758 tuen·
523 3693 604 3747 Mart.
625 3695 645 3746 x
668 3700 715 3759 68,
735 3701 750 3746 6
771 3689 850 3762 κύριε
871 3713 939 3762 μου,
958 3692 1019 3762 μέλι
1039 3712 1106 3761 μου,
1132 3693 1213 3763 Apul.
1233 3694 1342 3762 spoli)

178 3790 247 3838 lunc
266 3791 351 3850 serta,
373 3801 458 3837 sucum
478 3785 541 3847 mel,
561 3789 585 3836 rt
604 3784 668 3836 baec
687 3783 738 3836 tibi
756 3784 882 3836 carmem
901 3783 979 3837 dono.
1008 3784 1037 3835 et
1055 3800 1225 3850 quemquem
1245 3782 1273 3835 in
1293 3785 1342 3837 ad-

178 3875 307 3929 locutione
335 3872 456 3926 dixerint
484 3873 591 3925 ‘meum
618 3872 690 3924 mel’
720 3871 765 3940 (ct.
791 3875 821 3925 et
844 3871 933 3925 Plaut.
959 3872 1042 3926 Poen.
1064 3873 1123 3937 12,
1145 3876 1220 3940 154),
1247 3876 1341 3927 temon

178 3976 260 4017 :otum
280 3968 326 4018 est
340 3960 428 4021 etiarn
444 3961 536 4015 omitti
553 3961 755 4030 possessiuum;
775 3961 855 4015 uelut
869 3961 943 4015 ‘mec
957 3962 1031 4015 ross’
1049 3961 1091 4014 bis
1107 3962 1211 4016 hebens
1227 3963 1341 4015 Plautus

185 4052 250 4106 Asin.
271 4053 309 4106 Ill
331 4059 362 4115 3,
384 4056 417 4104 74
442 4053 471 4104 et
492 4051 589 4105 Bacch.
611 4050 621 4102 l
644 4059 665 4115 1,
686 4054 730 4118 bo)
755 4050 841 4105 semel
866 4050 984 4118 simplex
1009 4051 1103 4104 ‘rosa'
1129 4051 1211 4118 (Men.
1234 4052 1242 4103 l
1263 4057 1293 4116 ⁶2,
1313 4054 1340 4117 9)

180 4142 293 4206 sdbibet;
315 4144 346 4193 et
365 4137 492 4191 Catullus
512 4138 580 4208 ipsc,
601 4157 663 4192 cum
683 4139 769 4193 ceteri
790 4138 839 4191 ‘mi
859 4138 958 4192 ocellc’
980 4139 1084 4206 dicunt,
1104 4141 1207 4193 nudum
1228 4139 1338 4192 ‘ocelle'

181 4229 348 4293 qenitL19;
368 4230 399 4281 et
419 4226 458 4280 sic
477 4227 550 4282 inter
570 4227 642 4282 ‘nitu
656 4229 730 4281 mce'
752 4231 781 4282 et
801 4228 882 4282 ‘uita’
905 4227 1022 4282 rrurisnt.
1056 4228 1174 4282 sedium
1194 4229 1341 4295 reponenti

181 4320 234 4371 uiti
253 4318 322 4373 'tibi
342 4317 431 4383 habe,
451 4318 519 4383 mel,
539 4318 592 4370 hoc
612 4316 717 4371 libelli’
740 4318 808 4370 hacc
833 4317 953 4371 subnata
971 4319 1015 4370 cst
1032 4316 1184 4381 dubitatio,
1205 4335 1270 4369 num
1289 4316 1341 4371 ills

181 4409 253 4477 mgis
270 4426 289 4462 s
302 4407 386 4461 nobis
401 4405 530 4476 intellegi
546 4410 669 4476 possent,
684 4406 732 4474 qui
747 4406 964 4477 interpungendi
978 4405 1086 4460 ratione
1102 4405 1213 4460 exculte
1229 4406 1339 4472 utimur,
