2940 4912
536 334 664 390 nxvul·
681 342 795 390 so-sa
1187 335 1253 400 499

78 493 214 563 Torquati
227 497 321 548 mente
335 494 534 563 intellegentes
549 493 648 549 dicunt
669 512 729 550 esse
746 495 874 549 ‘Romae'
891 496 966 564 (cum
981 510 1068 563 parua
1082 493 1251 563 ineptiarum

78 582 305 638 adcumulatione
330 581 380 637 alii
402 584 437 636 de
465 584 527 637 Bais
551 585 770 653 cogitauerunt),
794 583 886 639 cubile
909 586 1002 638 antem
1022 584 1159 636 desertum
1180 582 1251 637 acci·

78 673 159 741 piant
182 671 298 725 lesbiae
327 672 429 725 lectum
457 690 474 725 a
497 670 609 726 Catullo
635 674 778 728 relictum:
805 678 886 742 turpe
909 690 969 727 esse
994 671 1104 726 Catullo
1125 672 1251 726 Veronae

78 761 192 828 morari,
211 776 273 813 cum
294 776 388 813 omnes
408 759 543 828 homines,
562 778 616 814 non
636 761 728 830 plebei
744 761 867 829 quidem,
886 761 934 815 scd
948 763 1042 814 tamen
1057 776 1152 814 omnes
1167 759 1251 829 paulo

78 848 230 903 nobiliores
260 849 448 916 elegantiores
475 848 649 904 inlustriores
675 848 781 904 Romae
807 850 878 918 (siue
904 849 978 917 Bais)
1004 852 1147 902 uersantes
1173 851 1251 903 artus

77 952 145 1005 prae
169 937 274 1005 frigore
299 941 449 990 trementes
476 938 663 992 calefacerent
686 938 716 992 in
741 939 816 993 lecto
841 936 892 992 illo
921 939 1030 991 deserto
1053 936 1250 1006 intuerentque

78 1025 216 1079 Lesbiam.
255 1026 496 1095 ophilologorum
516 1026 662 1082 iudicium!
700 1027 771 1081 nihil
796 1027 870 1080 onim
894 1032 943 1080 aut
961 1025 1106 1079 historiam
1125 1024 1251 1092 Lesbiae,

77 1129 149 1182 quse
173 1117 233 1167 tum
257 1131 319 1167 cum
344 1114 397 1168 hoc
420 1132 532 1168 carmen
556 1121 598 1169 est
621 1116 756 1186 scripturn
780 1115 901 1169 nondum
923 1114 1054 1183 coeperat
1072 1124 1133 1167 esse
1151 1115 1250 1184 prosti-

77 1203 188 1269 bulum,
212 1206 262 1256 ant
284 1201 330 1271 id,
352 1204 428 1272 qnod
450 1203 529 1258 nullo
553 1205 638 1258 modo
660 1205 700 1259 sic
725 1205 837 1272 quidem
857 1201 966 1273 aperire
985 1202 1111 1270 potnerit
1129 1203 1250 1256 Manlius

77 1291 126 1345 ille
155 1293 241 1360 (bunc
272 1293 305 1344 nt
332 1292 473 1361 patienter
501 1291 633 1361 feramus)
661 1292 753 1346 amico
781 1290 905 1345 amasiae
933 1289 1090 1360 perfidiam,
1123 1295 1250 1346 curantes

77 1396 215 1435 summam
242 1380 319 1433 illius
348 1380 394 1433 ‘de
423 1381 539 1435 meliors
565 1381 644 1435 nota’
673 1381 877 1435 absurditatem
903 1385 933 1435 et
957 1378 1057 1434 falsam
1083 1377 1248 1447 frigidorum

77 1469 267 1523 membrorum
282 1468 450 1524 mentionem
465 1468 543 1522 docti
557 1468 670 1524 illinon
685 1469 817 1524 sentiunt.
850 1485 901 1524 nos
915 1468 964 1538 qui
978 1467 1081 1522 ‘cubile
1096 1468 1248 1522 desertum’

77 1573 107 1610 re
130 1557 194 1626 ipsa
217 1557 347 1610 monente
371 1573 425 1611 non
450 1575 500 1626 pro
523 1557 622 1612 relicto
647 1558 695 1611 sed
718 1573 769 1627 pro
788 1557 874 1610 niduo
894 1556 988 1627 (Prop.
1009 1557 1033 1610 ll
1054 1562 1095 1623 17,
1115 1563 1144 1623 3,
1169 1555 1249 1611 Ouid.

77 1661 102 1698 a
126 1660 152 1698 a.
178 1643 216 1696 lll
242 1649 285 1710 70)
308 1644 474 1713 accipimus,
497 1647 594 1714 aptam
618 1646 742 1713 corrupti
764 1646 841 1699 illius
866 1645 1023 1715 ‘tepefacit’
1049 1645 1248 1699 correctionem

77 1731 334 1801 circumspiciamus
362 1735 481 1802 oportet.
525 1737 594 1802 puto
622 1736 717 1787 autem
740 1733 768 1787 in
792 1733 857 1786 libri
882 1733 904 1788 V
928 1731 1082 1803 exemplari
1106 1736 1250 1786 exaratum

77 1822 162 1876 subse
177 1822 244 1875 hoc:
261 1821 371 1890 t'pesat,
390 1819 493 1876 litteris
510 1821 558 1875 ‘ci’
575 1825 750 1877 correcturae
765 1839 848 1875 cansa
862 1839 947 1891 snpra
967 1821 1007 1875 ‘a'
1029 1820 1149 1890 scriptis.
1178 1821 1249 1874 unde

78 1909 141 1979 lego
162 1909 309 1979 ‘torpescit
327 1909 478 1975 membra’;
498 1911 551 1964 hoc
569 1909 643 1964 enim
661 1909 829 1980 ‘torpescit’,
848 1911 946 1964 eodem
961 1910 1045 1964 modo
1060 1909 1250 1962 constructum

77 2015 159 2066 quem
174 1997 310 2051 babemus
324 1996 411 2052 LXlV
426 2004 461 2051 64
474 2002 504 2052 st
518 2004 560 2064 65,
575 1999 688 2068 egregie
701 1998 879 2068 coniungitur
893 2016 955 2052 cum
972 1997 1098 2066 ‘frigida’
1120 1997 1249 2067 t‘torpes-

77 2086 135 2140 cat’
155 2103 192 2140 ne
211 2085 393 2155 flagites,'cl.
414 2087 449 2140 ad
468 2103 494 2141 u.
513 2087 635 2156 priorem
654 2087 809 2156 adnotata).
830 2118 863 2127 —
882 2086 930 2141 80.
950 2086 997 2155 ld,
1016 2085 1105 2156 nell,
1124 2099 1184 2140 non
1203 2089 1250 2140 est

76 2178 178 2247 turpe,
198 2175 294 2241 magle
308 2175 451 2230 miserum
466 2176 523 2230 est.
560 2193 615 2230 non
629 2176 775 2246 indignum
792 2179 835 2230 est
850 2193 902 2242 mc,
921 2175 969 2230 sed
985 2175 1078 2244 potius
1092 2174 1249 2228 deflendum

76 2267 203 2334 (propter
225 2280 350 2331 cansam,
373 2280 447 2332 quae
471 2264 636 2318 commorari
655 2263 782 2319 Veronae
807 2263 901 2333 cogit).
940 2263 1057 2333 anpius
1076 2280 1118 2332 cp.
1139 2261 1196 2317 Cic.
1215 2263 1249 2317 de

77 2352 135 2408 har.
155 2368 228 2421 resp.
248 2357 291 2419 23,
312 2357 344 2405 19
363 2368 428 2406 nam
446 2353 472 2405 ci
491 2350 540 2406 On.
562 2352 701 2421 Pompeio,
719 2355 782 2407 siro
800 2354 852 2406 asi
870 2352 991 2405 munium
1007 2353 1170 2419 fortissimo,
1188 2352 1248 2421 qai·
1306 2364 1311 2373 ·

76 2456 189 2509 eamque
206 2441 269 2493 sati
285 2445 359 2506 east,
384 2441 512 2494 mucram
530 2442 619 2511 magis
636 2443 693 2508 sas't
711 2459 792 2511 quam
811 2448 899 2510 turpe,
919 2484 925 2495 .
947 2485 952 2495 .
974 2481 979 2492 .
1000 2441 1084 2495 lucem
1101 2456 1158 2494 soa
1176 2441 1248 2509 aspi-

76 2544 132 2583 cere
157 2545 214 2597 eqs.
258 2528 371 2596 ‘magis’
397 2530 438 2582 ita
462 2528 578 2597 ‘potins’
604 2530 682 2584 ualet
706 2530 766 2595 hic,
790 2531 822 2583 nt
844 2530 938 2582 tamen
957 2544 1047 2597 paens
1065 2527 1172 2597 inpleat
1190 2529 1247 2581 nim

77 2616 231 2686 particulae
246 2616 442 2670 aduersatiuac
458 2617 541 2684 ‘sed',
555 2616 639 2686 plane
654 2621 687 2671 ut
701 2617 783 2671 hodie
798 2617 931 2688 gallicum
948 2615 1040 2670 ‘mais'
1057 2615 1122 2670 inde
1138 2616 1248 2682 natum3

77 2705 155 2760 cuins
180 2722 247 2759 usus
272 2704 328 2759 rari
355 2705 426 2760 haec
453 2707 582 2774 exempla
605 2706 713 2773 inueni,
739 2708 820 2776 Prop.
846 2707 871 2760 ΙΙ
893 2713 919 2772 4,
943 2711 959 2759 9
981 2722 1058 2774 quesn
1080 2722 1136 2759 noa
1160 2706 1248 2772 lamo,

76 2795 165 2865 crepis
185 2794 256 2847 Pero
278 2795 398 2860 [msera
422 2797 506 2866 coepit
530 2800 558 2848 et
577 2795 644 2848 Sall.
669 2794 727 2864 lug.
747 2801 795 2862 85,
818 2800 851 2848 49
875 2811 959 2864 nepae
981 2795 1126 2863 quisquam
1146 2810 1249 2862 pareas

75 2884 168 2937 literis
186 2883 231 2937 ati
249 2884 353 2936 aeterm
371 2884 460 2948 foreat
473 2884 591 2952 optauit,
609 2885 696 2953 crepis
715 2889 746 2937 at
765 2884 830 2938 boni
843 2883 998 2952 honestique
1011 2884 1099 2937 uitem
1113 2885 1249 2951 exigerent

76 2971 120 3040 (cf.
145 2977 176 3026 ot
202 2971 284 3039 Verg.
308 2972 359 3026 ecl.
381 2975 529 3039 1,11).-
551 2972 599 3028 tl.
624 2973 762 3039 ignosces
787 2973 895 3039 lgltnr.
932 2990 980 3041 per
1003 2972 1075 3025 hanc
1097 2971 1246 3024 formulam

77 3060 153 3128 (Hor.
164 3064 216 3114 sat.
227 3058 239 3111 l
249 3065 275 3125 9,
290 3065 334 3126 72,
349 3059 430 3128 Prop.
447 3058 459 3110 I
474 3064 515 3126 11,
532 3062 576 3128 19)
591 3078 609 3115 a
623 3059 800 3130 degressionc
816 3062 850 3114 de
865 3078 917 3115 sua
929 3061 1016 3131 ipsius
1031 3058 1248 3114 commoratione

78 3147 232 3203 Veronensi
246 3146 320 3200 redit
334 3147 370 3201 ad
384 3148 570 3216 propositum,
584 3147 663 3202 Malii
677 3149 851 3218 petitionem.
880 3150 994 3204 attende
1009 3149 1045 3203 ad
1054 3148 1125 3202 illud
1137 3148 1245 3217 ‘quare’

78 3241 107 3290 et
121 3235 243 3305 ‘igitur’.
260 3266 291 3274 —
307 3234 356 3289 aa.
375 3235 447 3290 haec
462 3235 518 3290 tlbl
534 3249 593 3291 non
608 3237 711 3292 trlbno
728 3253 864 3310 munera,
879 3254 946 3294 curn
960 3251 1088 3306 nequeo.
1116 3237 1204 3291 utitur
1218 3237 1247 3290 C.

78 3324 180 3394 plurali
205 3324 343 3378 ‘munera’
364 3324 409 3393 (ci.
431 3325 527 3378 ‘dona'
548 3343 574 3379 n.
597 3328 641 3394 14)
659 3326 799 3396 duplicem
820 3327 971 3396 respiciens
985 3326 1115 3381 carminis
1130 3344 1148 3379 a
1162 3325 1249 3379 Mallo

78 3412 169 3483 rogati
187 3416 326 3478 naturam,
345 3417 374 3465 et
392 3413 608 3468 consolatoriam
627 3420 657 3468 et
670 3416 843 3469 amatorium.
882 3416 962 3469 Ouid.
979 3419 1043 3468 met.
1061 3415 1082 3467 ll
1098 3420 1134 3467 44
1147 3431 1248 3467 munus

78 3508 107 3556 st
130 3503 203 3556 illud
221 3519 262 3556 mc
288 3502 422 3556 tribuente
441 3503 485 3571 (=
507 3502 638 3570 donante)
656 3505 737 3568 serus.
782 3503 855 3556 ‘cum
874 3503 1010 3570 nequeo',
1038 3519 1071 3555 eo
1095 3503 1168 3570 quod
1193 3518 1248 3554 non

79 3591 158 3644 ualeo
174 3589 222 3658 (ob
237 3590 369 3658 luctum),
384 3590 418 3645 cs.
435 3589 598 3645 Kuehuerus
612 3608 653 3657 gr.
664 3589 681 3643 l.
699 3590 722 3642 ll
737 3608 763 3658 p.
774 3596 834 3644 881.
864 3594 894 3643 et
906 3590 985 3658 quasi
1000 3588 1026 3643 C.
1043 3589 1165 3643 nondum
1181 3590 1248 3644 satis

77 3677 243 3746 ostenderit,
262 3695 291 3733 se
310 3695 366 3732 non
384 3678 568 3733 inofficiosum
590 3697 662 3746 esse,
681 3695 784 3733 nouom
802 3678 930 3747 adiungit
948 3677 1193 3747 impedimentum:
1214 3709 1246 3716 -

77 3767 128 3839 tt,
152 3767 201 3823 34.
226 3782 294 3821 nam
318 3766 398 3834 qnod
422 3767 606 3835 scrlptornm
630 3780 690 3820 non
717 3781 824 3832 magna
842 3767 890 3821 est
908 3767 995 3835 copta
1013 3768 1088 3835 aput
1105 3780 1167 3838 me,
1191 3766 1248 3820 boc

77 3853 113 3908 tt
130 3855 211 3923 quod
226 3855 337 3910 Musae
356 3855 500 3910 nlulrnns.
538 3855 625 3909 ‘nam’
641 3872 704 3908 cnm
719 3858 796 3910 certa
811 3855 992 3924 brachylogia
1006 3854 1034 3908 in
1050 3853 1248 3925 praeteritione

77 3943 122 4011 (ci.
141 3960 184 3998 ex.
203 3961 244 4013 gr.
265 3943 399 4013 Draegcri
418 3947 490 4013 synt.
512 3945 575 3997 bist.
596 3944 619 3996 ll
640 3963 665 4012 p.
689 3950 737 3998 157
757 3949 822 4013 eq.):
842 3947 886 3998 est
903 3943 961 3997 alia
980 3960 1089 4012 qnoque
1115 3942 1248 3997 renitendi

78 4031 129 4087 tibi
147 4049 246 4097 cansa;
265 4049 329 4086 nam
348 4049 411 4086 cnm
431 4031 535 4086 Romae
555 4031 658 4099 uiuam,
677 4049 785 4086 mecum
806 4033 894 4087 babeo
914 4049 1017 4102 paucos
1036 4034 1145 4085 tantum
1161 4031 1247 4085 libros

78 4125 205 4188 (qnorum
223 4121 315 4189 plures
332 4119 428 4189 utiquc
443 4121 593 4174 necessarii
607 4125 672 4175 sunt
682 4121 709 4175 in
720 4138 820 4190 poema
829 4122 941 4175 doctum
952 4122 981 4174 et
989 4125 1051 4174 arte
1061 4119 1249 4174 Alexandrina

79 4208 246 4275 iaciendum,
265 4211 347 4278 quale
368 4210 488 4279 flagitas,
508 4215 539 4262 ut
558 4228 656 4279 nempe
676 4211 736 4278 apis
756 4210 843 4263 instar
862 4209 984 4263 blatinae
1004 4207 1151 4263 hincinde
1170 4208 1247 4261 colli-

78 4315 142 4367 gam
163 4297 307 4367 imagines,
326 4297 558 4368 comparaliones,
577 4298 723 4351 uerborum
744 4297 871 4352 flosculos
886 4297 1007 4365 aliaque;
1029 4297 1148 4351 fortasse
1162 4297 1248 4351 etiam

78 4385 156 4456 libri,
180 4404 250 4456 quos
273 4405 367 4441 secum
391 4387 480 4456 gessit
503 4386 546 4454 C.,
574 4403 628 4441 non
652 4386 840 4456 praebuerunt
864 4385 973 4440 fabulas
996 4386 1078 4441 rebus
1101 4386 1180 4440 Malii
1203 4390 1248 4440 sat

979 4473 1034 4529 82*
