2940 4912
187 313 252 376 388
664 313 749 366 LXlV
771 319 883 369 '18—82.

185 473 280 526 omisit
297 472 436 526 librarius.
463 504 491 511 -
520 471 566 527 te.
591 473 705 527 electos
729 472 854 527 iuuenes
880 472 970 527 simul
994 474 1025 527 et
1043 472 1134 528 decus
1152 472 1363 540 innuptarum.

185 561 325 616 ‘electos'
350 560 485 631 intellege
512 562 602 615 ‘sorte
628 562 753 631 ductm',
776 563 861 630 idque
884 560 991 631 pariter
1014 563 1049 614 ad
1074 564 1223 630 utrumque
1248 565 1363 631 spectat

184 667 273 720 neque
292 652 366 704 enim
385 650 431 704 hic
456 651 507 704 flos
532 654 561 704 et
584 651 724 705 masculae
748 652 777 704 et
799 650 937 706 femineae
960 651 1043 720 pubis
1066 650 1274 720 intellegendus
1293 648 1363 718 (hoc

184 742 240 807 est,
260 739 359 809 optimi
380 741 482 808 quique
502 743 531 793 et
555 738 743 808 pulcritudine
768 738 888 794 maxime
914 728 1082 808 eminentes,
1108 755 1165 810 qua
1187 740 1221 794 ds
1240 757 1271 794 re
1288 739 1363 793 nihil

184 827 336 883 memoriae
355 828 490 882 traditum
510 830 577 895 est);
602 828 650 882 sed
670 827 766 882 ‘decus
784 827 977 898 innuptarum’
999 827 1083 897 (thl
1103 829 1130 896 6)
1151 827 1261 898 accipio
1280 830 1360 896 equi·

183 919 247 971 dem
271 918 380 987 puellas
404 916 533 983 decoras,
559 933 675 984 quarum
699 916 848 986 uirginitas
872 917 994 970 nondum
1014 916 1139 971 delibata
1159 919 1202 972 eet
1226 912 1363 988 (riws'nuc

183 1001 254 1061 ἔπτὰ
278 1006 327 1060 καὶ
350 1003 515 1073 παρθένους
539 989 678 1066 canusinus
696 1004 770 1060 Plut.
796 1004 815 1059 l.
835 1005 873 1072 l.).
916 1005 951 1059 cs.
972 1003 1053 1075 Verg.
1075 1006 1143 1065 Aen.
1161 1004 1199 1059 VI
1218 1010 1254 1060 20
1277 1006 1362 1060 letum

183 1097 343 1165 Andropeo:
367 1100 424 1148 tam
439 1093 557 1162 pendere
578 1110 681 1161 poenas
700 1094 864 1162 Cecropidae
887 1095 957 1148 isreel
979 1095 1130 1162 (misaam)
1154 1100 1265 1164 septena
1283 1102 1362 1164 quot-

186 1187 269 1239 annis·
287 1201 402 1253 corpora
420 1188 562 1236 reatorem:
584 1189 638 1236 stut
662 1184 752 1237 ductis
774 1184 892 1237 sortitae
910 1201 997 1250 orrea,
1020 1181 1068 1237 ubi
1093 1183 1236 1253 ‘septenos
1260 1184 1357 1240 natos'

183 1273 315 1342 intellege
332 1272 487 1339 ‘utriusque
502 1288 584 1325 sexus
599 1277 705 1341 septem
724 1270 851 1338 liberos'‚
866 1275 898 1326 ut
912 1271 1042 1326 similiter
1055 1273 1131 1342 apud
1147 1273 1289 1342 Hyginum
1303 1273 1323 1328 l.
1337 1273 1357 1328 l.

182 1361 286 1431 legitur
300 1367 421 1430 septersoe
435 1362 533 1414 liberos
546 1376 623 1426 suom
637 1378 702 1413 nam
717 1361 896 1415 consentiunt
908 1362 938 1415 in
952 1365 1060 1430 septem
1076 1378 1225 1432 puerorum
1235 1367 1360 1434 septem·

182 1468 236 1519 que
260 1449 419 1519 puellarum
441 1449 548 1503 tributo
572 1464 663 1503 rerum
687 1454 816 1504 auctores
839 1449 904 1519 (nisi
928 1450 1002 1519 quod
1017 1450 1117 1520 Eurip.
1138 1450 1171 1506 H.
1190 1451 1219 1506 F.
1242 1458 1310 1508 1826
1330 1457 1360 1508 et

182 1539 263 1593 Plato
279 1539 383 1592 Phaed.
399 1545 432 1593 58
448 1539 572 1592 breuiter
587 1537 652 1591 XIV
665 1539 781 1592 iuuenes
800 1541 1039 1608 commemorant).
1060 1570 1093 1578 -
1115 1540 1162 1594 le.
1181 1538 1358 1610 Cecropium

181 1628 303 1683 solltsrn
327 1642 392 1682 esse
420 1626 526 1696 dapem
550 1626 624 1681 dare
648 1627 831 1683 lllnotauro.
876 1627 1011 1683 ‘solitam'
1038 1629 1143 1698 sperit,
1168 1634 1282 1698 poetam
1309 1648 1358 1686 cos

181 1716 272 1785 sequi,
292 1716 340 1785 qui
355 1715 504 1784 quotannis
520 1718 586 1785 (non
601 1729 674 1772 neno
689 1734 800 1785 quoquc
815 1734 902 1785 anno,
921 1718 955 1770 nt
967 1717 1017 1771 alii
1032 1720 1156 1785 narrant)
1172 1717 1358 1774 Athenienses

181 1806 316 1860 tributum
332 1805 403 1859 illud
417 1805 583 1874 pependisse
598 1805 729 1860 referunt.
759 1804 921 1876 Cecropiam
937 1807 1071 1875 intellege
1085 1823 1203 1876 paruum
1219 1808 1356 1878 oppidum

181 1913 214 1948 ex
243 1895 367 1963 acropoli
395 1895 515 1948 maxime
546 1897 678 1949 constans
708 1897 736 1949 et
763 1912 781 1949 a
808 1895 951 1950 conditore
975 1894 1067 1950 adhuc
1095 1899 1283 1966 nominatum,
1312 1898 1359 1952 cui

180 1984 304 2038 Theseus
333 1984 443 2038 demum
468 1984 642 2038 Athenarum
671 2001 771 2039 nomen
800 1984 906 2039 indidit
933 1986 1071 2053 simulque
1099 1987 1240 2054 proximos
1268 2002 1357 2056 pagos

181 2074 286 2127 adiecit
304 2071 389 2141 (Plut.
409 2073 491 2128 Thes.
511 2078 554 2142 24,
575 2073 660 2128 Thuc.
677 2072 702 2125 ll
723 2075 781 2143 lt);
801 2079 881 2129 uetus
900 2092 1001 2130 nomen
1022 2073 1203 2130 Alexandrini
1222 2075 1356 2130 redum-re

181 2163 300 2232 (Gallim.
326 2163 420 2230 hymn.
445 2170 474 2230 3,
494 2167 565 2231 22⁷).
606 2163 709 2233 Hygin.
733 2162 751 2218 l.
772 2164 789 2218 l.
815 2165 937 2218 instituit
960 2169 1050 2219 auum
1073 2164 1202 2233 (Minos),
1226 2170 1257 2218 at
1280 2181 1357 2220 anno

179 2269 340 2322 unoquoque
357 2257 479 2321 septenos
493 2254 590 2307 liberos
606 2270 670 2308 euos
683 2253 848 2307 Minotauro
862 2253 900 2307 ad
912 2254 1081 2322 epulandum
1094 2255 1242 2320 manresa
1261 2253 1355 2324 Apoll.

181 2344 198 2396 l.
215 2344 232 2397 l.
253 2341 375 2412 πέμπειν
395 2341 432 2411 τῷ
452 2341 631 2412 Μινωταύρῳ
650 2339 752 2413 dapum
776 2341 877 2410 dapem
902 2342 960 2396 seii.
981 2340 1138 2396 Minotauro
1157 2344 1255 2412 utpote
1278 2345 1356 2398 wled-

179 2433 294 2501 bouiqae
321 2433 385 2486 uiro
411 2432 590 2500 smsiairoque
618 2433 682 2484 boui
709 2430 802 2497 (Ouid.
826 2448 850 2484 a.
876 2447 901 2484 a.
930 2430 954 2484 ll
983 2435 1030 2496 2⁴3
1057 2431 1131 2486 idern
1159 2431 1241 2501 epist
1266 2438 1296 2501 9,
1321 2439 1356 2488 68

179 2523 301 2575 lrurnano
319 2522 368 2589 qai
385 2521 456 2589 dape
471 2522 554 2587 pauit
569 2522 670 2589 equas).
688 2551 718 2558 -
740 2519 788 2573 80.
808 2519 876 2586 quls
895 2521 1024 2585 usgusu
1042 2519 1131 2574 malls
1149 2535 1217 2574 curn
1236 2521 1357 2577 mocula

180 2611 380 2667 uexarentur.
400 2624 456 2677 qua
465 2607 626 2662 calamitate
637 2626 700 2662 cum
711 2611 905 2662 concuteretur
914 2609 1132 2678 perdereturque
1141 2610 1243 2679 exigua
1256 2611 1357 2666 etism·

179 2703 238 2752 tum
259 2700 322 2751 urbs
342 2701 371 2751 et
389 2697 445 2751 cilo
469 2697 577 2750 ciuibus
601 2714 691 2750 uacua
714 2712 839 2750 euasura.
877 2695 951 2750 mule
972 2697 1114 2766 ‘ungusta'
1134 2697 1358 2767 interpretantur

179 2787 306 2841 nonnulli
322 2788 362 2840 ‘in
376 2786 515 2854 angustiis
535 2786 660 2839 uersans’
677 2785 738 2852 (Sil.
753 2784 817 2838 Ital.
833 2783 870 2837 xl
888 2793 935 2838 171
951 2785 1016 2839 hinc
1031 2786 1163 2852 alienus);
1183 2789 1259 2841 recte
1273 2790 1356 2844 multi

179 2877 358 2931 contulerunt
377 2874 457 2928 Ouid.
478 2876 541 2928 fast.
563 2873 601 2928 111
623 2880 685 2940 181;
706 2875 770 2928 uide
789 2877 818 2928 ct
836 2874 902 2928 Hor.
921 2890 946 2928 a.
966 2892 993 2943 p.
1014 2880 1066 2929 209
1085 2877 1169 2931 latior
1185 2893 1290 2933 marae.
1320 2879 1355 2932 de

180 2965 299 3020 uenandi
318 2965 404 3018 uerbo
423 2964 456 3017 cl.
476 2964 561 3016 doctu
580 2964 664 3018 Gellii
680 2965 703 3016 ll
720 2971 744 3028 6,
760 2971 776 3017 ὁ
792 2981 850 3031 sqq.
871 2963 1025 3032 disputatio
1043 2965 1194 3032 (superflua
1212 2965 1356 3036 debitique

179 3054 339 3107 coniectura
359 3052 439 3106 multi
459 3053 526 3107 olim
543 3053 772 3120 ‘uer-nubantur’).
801 3056 924 3107 ceterum
944 3053 1069 3107 notanda
1086 3055 1172 3107 estin
1186 3071 1232 3108 uu.
1248 3061 1356 3111 78-80

178 3143 343 3196 continuata
362 3142 488 3195 clausula
506 3141 671 3211 spondium,
691 3143 770 3194 cuius
789 3142 829 3195 rei
848 3141 923 3211 apud
938 3141 1042 3196 latinos
1054 3140 1174 3223 quidem
1185 3148 1281 3212 poetae
1298 3163 1355 3200 non

177 3231 292 3284 memini
317 3248 360 3284 me
385 3231 510 3284 inuenire
535 3231 707 3298 exemplum
738 3231 813 3300 apud
836 3231 957 3285 Graecos
980 3230 1036 3284 ium
1061 3232 1127 3285 ante
1151 3232 1356 3288 Alexandrinos

175 3319 267 3389 ipsum
284 3320 435 3373 Homerum
456 3320 527 3374 hunc
547 3319 600 3373 sibi
620 3319 763 3374 licentiam
779 3320 928 3373 indulsisse
942 3318 1092 3373 adnomen
1105 3318 1269 3376 Schwabius
1289 3341 1354 3378 con-

177 3411 267 3477 ligeus
286 3408 467 3464 ALudwichii
487 3410 521 3462 de
536 3410 598 3462 hex.
614 3409 712 3478 spond.
730 3409 820 3478 [Helie
836 3414 904 3463 1866
919 3427 945 3478 p.
961 3411 1009 3479 22]
1024 3407 1162 3463 libellum.
1191 3412 1356 3482 depingitur

175 3508 270 3553 autem
290 3501 342 3553 hoc
362 3499 480 3553 artificio
501 3499 541 3553 rei
561 3501 620 3552 tam
640 3499 774 3553 atrocitas
793 3515 878 3566 quarn
897 3497 1068 3552 diuturnitas
1088 3501 1130 3565 (ut
1148 3504 1178 3553 et
1197 3519 1221 3552 u.
1242 3503 1288 3568 88)
1321 3534 1352 3542 -

174 3588 222 3642 81.
247 3588 312 3657 lpse
337 3604 423 3642 suum
448 3589 580 3643 Theseus
604 3603 660 3657 pro
686 3588 765 3642 caris
792 3601 902 3656 corpus
928 3586 1065 3642 Athenis.
1107 3586 1200 3657 ‘ipse'
1225 3589 1354 3661 intelligo

174 3677 287 3731 ‘ultr0’:
315 3677 444 3747 Hyginus
468 3678 485 3730 l.
506 3678 524 3731 l.
552 3679 667 3732 Theseus
688 3683 834 3746 postquam
860 3696 878 3730 a
906 3676 1038 3730 Troezene
1063 3683 1175 3731 vemat
1201 3685 1225 3732 a
1251 3681 1353 3745 audiit,

175 3772 280 3835 quanta
299 3769 455 3820 calamitate
473 3768 574 3820 ciuitas
593 3767 758 3831 afficeretur,
778 3766 936 3819 uoluntario
954 3781 981 3819 ee
1000 3765 1038 3819 ad
1055 3765 1253 3819 Minaeum
1270 3770 1351 3835 polli-

174 3857 246 3909 citus
265 3861 303 3909 est
323 3858 369 3908 ire.
400 3855 491 3908 ‘suum
512 3855 623 3924 corpus'
646 3873 695 3922 pro
715 3855 805 3908 ‘suam
820 3854 932 3920 uitum’,
951 3856 1080 3923 respectu
1098 3868 1248 3921 corporum
1263 3855 1352 3911 Mine

173 3946 253 3998 tauro
273 3944 455 3997 obiectorum.
484 3945 567 4012 l'erg.
584 3948 652 3998 Aen.
671 3943 683 3996 1
702 3949 735 3996 24
751 3961 805 4012 pro
823 3945 898 3997 carie
914 3948 1032 4013 μικταὶ
1044 3942 1138 4010 Asai&
1158 3971 1192 3981 -
1211 3941 1260 3996 ⁸2.
1280 3959 1352 4012 pro·

172 4033 253 4088 lcere
269 4033 389 4101 optsult
403 4033 505 4101 potlus
521 4048 621 4100 quam.
650 4032 750 4086 ‘uitam
761 4032 909 4102 proicere'‚
920 4029 981 4084 scil.
992 4032 1091 4084 utrem
1101 4027 1350 4097 derelinquendum

171 4122 330 4191 nulliusque
346 4123 438 4191 pretii,
456 4123 492 4177 ad
507 4121 720 4176 similitudinem
735 4138 853 4191 graecae
868 4118 999 4175 dictionis
1013 4112 1107 4186 Μὴν
1123 4114 1349 4187 restitissem:

173 4211 256 4278 Verg.
277 4211 343 4263 Aen.
365 4211 401 4264 Vl
427 4219 478 4266 136
503 4213 639 4280 lacemque
659 4215 751 4279 perosi
767 4215 902 4279 proiecere
925 4211 1053 4263 ammas.
1091 4204 1213 4274 ‘optauit
1240 4210 1347 4275 potius’

170 4298 281 4367 explica
306 4298 431 4354 ‘maluit'
458 4300 517 4354 siue
543 4300 657 4353 ‘melius
680 4299 782 4366 duxit’,
807 4317 862 4353 uon
886 4297 996 4367 ‘elegit’
1021 4296 1068 4362 ple
1092 4293 1230 4348 electione
1253 4297 1348 4353 nullus

169 4389 217 4443 hic
246 4393 361 4456 sermo),
394 4394 426 4442 ut
453 4390 565 4458 egregie
594 4388 742 4441 confirmat
772 4388 850 4443 locus
877 4384 1008 4440 Isocratis
1035 4399 1053 4438 a
1080 4379 1185 4450 l‘ulpio
1214 4381 1347 4440 lauduna
