2940 4912
628 321 727 377 XCVII
747 328 842 377 9-19.
1253 325 1318 390 583

143 485 193 540 999
221 484 314 555 ipsum
337 500 457 538 cunnum
482 484 557 538 recto
581 483 636 538 dici
661 483 824 538 ‘defessum'
851 485 994 539 anthane
1017 501 1115 539 uocem
1139 487 1236 554 aptam
1259 502 1319 541 esse

144 572 360 644 comparationi,
384 591 455 641 quae
480 573 575 643 potius
593 573 704 641 flagitat
723 573 792 628 ‘late
815 572 946 629 diductus
969 573 1196 644 distractusque’.
1234 592 1319 644 quam

144 664 287 719 notionem
307 681 371 718 cum
388 680 455 718 usus
474 663 587 731 quidem
606 664 705 733 procul
725 665 819 718 arceat
837 681 855 718 a
874 663 1020 718 ‘defessus'
1041 667 1142 733 (neque
1163 665 1316 721 ‘fatiscere’

144 753 203 807 siue
223 753 324 807 ‘hiare’
344 753 425 806 iuuat
444 752 614 820 contulisse),
634 769 734 806 manus
753 753 847 807 danda
861 756 935 807 esset
948 752 1064 809 AStatio
1080 752 1222 808 ‘diffissus’
1239 755 1318 810 resti·

145 841 246 909 tuenti,
264 844 296 896 ut
315 841 383 897 olim
403 845 432 896 et
450 841 500 896 alii
515 843 544 896 et
558 858 611 912 ego
625 842 752 911 fecimus,
771 842 825 897 nisi
839 843 893 897 hoc
907 841 1025 896 nlmium
1040 843 1122 913 plane
1137 846 1224 909 esset3
1242 848 1318 900 recte

146 947 187 985 99.
207 947 248 1000 gr.
269 931 401 986 Horatius
420 931 455 985 de
471 933 564 986 statua
581 930 698 986 ‘diffissa
711 932 799 986 nate’.
837 932 907 986 mihi
921 950 994 986 nunc
1007 933 1185 1001 aptissimum
1199 932 1311 989 uidetur
1392 987 1396 997 ,

100 1007 106 1029 ’
146 1018 220 1088 quod
239 1035 273 1073 99
294 1018 451 1073 ‘deffossus’
473 1018 519 1089 (0)
538 1037 593 1074 non
612 1020 753 1074 difficilius
772 1020 886 1089 eruitur,
908 1020 1085 1090 ‘dispessus':
1108 1024 1188 1077 Lucr.
1208 1022 1245 1077 Vl
1265 1029 1317 1078 599

141 1125 196 1164 neu
214 1109 349 1163 distracto
366 1124 446 1162 saum
465 1107 519 1162 tote
536 1108 687 1177 dispandat
704 1110 822 1174 hictum
842 1109 876 1163 of.
897 1108 1035 1164 deforma
1049 1109 1192 1180 participii
1207 1111 1317 1166 Brixius

144 1198 181 1252 ad
203 1197 294 1254 Plaut.
322 1196 380 1251 mil.
405 1202 465 1253 961.
509 1198 549 1251 ‘iu
577 1198 699 1252 aestum’
725 1198 772 1266 (V)
797 1200 877 1253 erant
903 1198 950 1267 qui
973 1199 1137 1266 retinereut;
1163 1200 1213 1254 sed
1235 1201 1318 1256 huius

145 1286 314 1342 ‘archaismi’
340 1286 489 1356 (Scaliger)
513 1303 584 1354 quae
607 1285 721 1341 Ellisius
744 1304 787 1356 cp.
810 1285 914 1342 Handii
938 1289 1016 1343 Ture.
1041 1288 1080 1342 III
1098 1308 1124 1358 p.
1145 1295 1198 1343 344
1221 1291 1318 1344 attulit

143 1377 270 1446 exempla
292 1375 352 1432 Cat.
377 1376 402 1430 d.
428 1394 448 1430 r.
473 1394 494 1429 r.
519 1382 552 1429 39
580 1377 612 1430 ia
639 1377 736 1430 uillam
762 1378 824 1444 fieri
847 1378 876 1431 et
900 1382 933 1431 99
952 1379 985 1432 in
1011 1379 1134 1433 arborem
1161 1380 1316 1450 relinquito,

142 1466 304 1537 nuperrima
322 1465 406 1520 Keilii
431 1464 518 1520 editio
541 1483 597 1520 non
621 1465 762 1536 agnoscit;
786 1482 838 1522 uec
862 1484 929 1521 sanc
951 1466 1023 1522 talia
1045 1466 1117 1521 uitia
1134 1469 1235 1536 aperta
1252 1473 1318 1525 sunt

142 1554 330 1622 defendenda3
359 1555 483 1610 ceterum
510 1556 620 1609 nonde
639 1554 770 1622 libidine,
797 1558 829 1610 99
847 1555 918 1616 olim,
938 1556 1042 1623 fecere,
1072 1556 1121 1610 sed
1144 1557 1178 1609 de
1202 1558 1318 1613 aestatis

143 1644 242 1699 ardore
264 1643 372 1698 feruido
396 1645 498 1713 cogita.
541 1644 575 1697 de
599 1643 691 1698 forma
717 1645 844 1698 ‘cunnus'
870 1645 915 1716 (0)
944 1662 995 1716 pro
1024 1646 1153 1700 ‘cunnus’
1182 1645 1229 1716 ((1)
1260 1648 1317 1702 diri

143 1728 278 1788 Fleckeis.
299 1749 362 1786 ann.
385 1737 453 1787 1889
472 1751 498 1801 p.
519 1736 571 1786 478
586 1735 616 1787 99
631 1736 740 1802 18831).
758 1738 817 1788 783.
834 1735 910 1789 -a
927 1749 958 1788 99
973 1733 1049 1790 19919
1064 1748 1130 1790 9999
1145 1737 1316 1794 uenustum.

143 1824 177 1877 cf.
202 1823 238 1876 ad
257 1821 283 1875 X
302 1827 335 1876 l'l
355 1825 384 1876 et
402 1822 441 1874 Ill
461 1828 497 1896 9,
515 1823 609 1876 uertas
634 1822 675 1876 ‘er
699 1821 786 1891 spielt
809 1822 870 1877 sloh
894 1824 948 1877 auf*
960 1824 1003 1876 als
1022 1825 1144 1893 Dandy’.
1164 1856 1197 1865 —
1218 1826 1266 1882 10.
1286 1828 1317 1882 ct

143 1925 203 1967 uon
216 1911 366 1982 prlstrlno
380 1911 516 1966 trudltur
530 1913 620 1978 atque
635 1910 740 1967 aslnot
771 1911 811 1966 ‘et
825 1913 891 1966 uon’
908 1929 959 1981 pro
975 1912 1060 1979 ‘ncc',
1075 1930 1138 1966 oum
1155 1914 1233 1968 ‘uon'
1250 1914 1315 1969 effe-

140 2002 257 2056 rendum
276 2002 374 2056 ualeat
393 2001 459 2054 ‘nou
478 2000 599 2069 potius’3
620 1998 676 2057 Cic.
697 2000 778 2055 Tusc.
799 2002 810 2054 1
830 2007 854 2068 7,
876 2007 916 2068 13,
937 2001 1094 2070 Draegerus
1114 2004 1185 2070 synt.
1205 2001 1231 2055 Il
1248 2022 1274 2073 p.
1290 2010 1314 2058 ’1.

144 2089 316 2160 ‘pistrinum’
343 2090 388 2159 (de
410 2092 502 2144 forma
524 2089 636 2160 uulgari
657 2090 774 2159 ‘pristn’
796 2089 966 2144 Ritschelius
986 2108 1079 2158 opusc.
1100 2090 1126 2144 II
1144 2111 1170 2160 p.
1191 2095 1254 2160 499)
1274 2098 1317 2146 999

141 2180 233 2246 19999,
256 2179 305 2234 ubi
324 2179 494 2234 frumentum
512 2179 634 2249 pinsitur
652 2197 702 2249 per
719 2180 809 2234 molas
829 2178 888 2234 9199
907 2180 1068 2234 manuarias
1087 2178 1147 2235 siue
1165 2178 1315 2248 asinariam

143 2267 177 2323 cl.
197 2269 313 2323 Richius
333 2286 353 2324 9.
373 2288 400 2325 u.
417 2270 530 2338 ‘pistr.',
549 2269 689 2324 Beckerus
705 2267 781 2323 Galli
795 2268 834 2322 11³
848 2288 874 2338 p.
890 2276 952 2337 934,
972 2269 1047 2324 (19111
1062 2269 1239 2338 etKonsrp.
1254 2276 1314 2326 988.

133 2360 171 2428 Ι99
190 2357 253 2413 1999
271 2356 415 2413 asinorum
434 2374 603 2427 equorumue
623 2358 697 2412 serui
711 2359 792 2427 graui
807 2374 898 2427 poena
911 2357 1052 2412 afficiendi
1066 2358 1220 2427 molebant,
1240 2360 1315 2427 quod

145 2447 268 2502 ‘seruum
288 2448 317 2502 in
336 2448 486 2516 pistrinum
500 2448 575 2516 dare,
594 2447 704 2514 dedere,
724 2446 847 2501 tradere’
864 2446 1005 2502 uocabant
1017 2446 1149 2518 (interpp.
1164 2447 1208 2504 ad.
1224 2448 1315 2503 Plaut.

142 2537 224 2592 Most.
244 2536 256 2589 Ι
277 2544 300 2604 1,
322 2542 379 2607 17),
399 2536 454 2592 cic.
475 2537 500 2590 d.
521 2554 558 2591 or.
575 2537 636 2591 146
650 2538 680 2590 et
694 2535 718 2588 Il
735 2542 795 2603 144,
814 2537 897 2605 Apul.
912 2538 976 2590 met
994 2536 1032 2589 III
1049 2544 1088 2591 19.
1127 2537 1172 2591 hic
1192 2537 1310 2593 ‘asinus’

141 2625 248 2681 dictum
268 2627 381 2680 uidetur
400 2626 459 2680 9199
479 2644 512 2680 99
531 2644 584 2680 999
602 2625 727 2694 uulgari,
751 2628 784 2680 ut
801 2624 872 2679 mihi
891 2624 1016 2692 uidetur,
1039 2644 1090 2695 pro
1109 2643 1223 2681 munere
1242 2627 1315 2682 asini

138 2713 271 2785 inplendo
290 2715 351 2770 siue
372 2716 415 2784 (ut
429 2715 555 2784 Scaliger
574 2715 698 2784 putauit)
717 2731 767 2784 pro
787 2731 868 2769 seruo
883 2714 982 2784 punito
997 2715 1071 2785 ipso;
1090 2733 1145 2769 nou
1160 2733 1229 2786 opus
1244 2723 1314 2787 erat,

136 2806 169 2858 ut
193 2804 289 2873 ‘atquc
312 2805 421 2859 asinus'
442 2804 495 2874 (ita
513 2807 545 2858 99
564 2805 600 2873 a.)
620 2805 694 2857 male
709 2804 869 2858 conicerent
884 2803 960 2869 ltali;
981 2821 1071 2873 neque
1087 2806 1161 2860 recte
1176 2807 1313 2876 nonnulli,

136 2896 169 2948 ut
187 2893 320 2948 AStatius
343 2895 379 2948 ad
398 2894 529 2964 Xenoph.
549 2894 639 2949 Anab.
659 2894 671 2946 I
691 2898 716 2961 5,
736 2899 752 2947 9
776 2909 946 2962 prouocans,
970 2895 1005 2949 de
1030 2894 1125 2963 lapide
1144 2895 1245 2949 molari
1264 2900 1313 2951 aut

138 2983 173 3037 de
196 3001 277 3039 seruo
301 2984 437 3038 animalia
459 2981 597 3037 molentis
619 2981 793 3037 custodiente
817 2982 986 3053 cogitauere.
1031 2985 1079 3039 sed
1103 2984 1227 3052 quidde
1251 2987 1313 3040 tota

137 3073 279 3128 sententia
302 3077 377 3128 esset
400 3072 594 3139 statuendum,
618 3071 768 3127 nemodum
792 3072 928 3142 exposuit.
965 3076 1084 3143 apparet
1102 3091 1158 3128 non
1177 3090 1258 3144 posse
1278 3074 1312 3130 de

136 3179 204 3217 uera
225 3179 317 3233 poena
339 3161 510 3233 turpissimis
534 3160 562 3215 in
588 3162 676 3216 seruis
700 3161 805 3216 usitata
827 3162 873 3217 hic
896 3163 957 3233 agi,
983 3181 1046 3217 cum
1070 3163 1156 3217 fuerit
1176 3164 1312 3218 Aemilius

135 3252 207 3307 liber
236 3252 296 3307 sine
319 3252 418 3320 dubio;
443 3251 515 3306 unde
540 3254 608 3320 puto
632 3253 682 3305 999
704 3251 802 3306 adesse
826 3249 976 3307 formulam
999 3253 1141 3321 quandam
1165 3253 1312 3323 despectus

135 3341 246 3410 summi,
265 3358 321 3410 qua
339 3341 461 3395 feminae
480 3339 558 3396 abire
577 3358 595 3396 9
613 3358 642 3395 99
661 3341 803 3396 iusserunt
821 3359 883 3395 cum
904 3343 1066 3411 contemptu
1083 3342 1222 3411 minisque
1236 3359 1312 3398 ama·

136 3432 211 3485 tores
230 3428 377 3499 inpudicos
397 3432 447 3484 ant
465 3430 562 3484 adludi
581 3430 616 3483 ad
635 3430 815 3498 nescioquam
835 3429 973 3496 fabulum,
993 3430 1022 3482 in
1041 3447 1096 3498 qua
1114 3430 1216 3485 mulier
1234 3434 1312 3487 casta

135 3519 175 3574 sic
195 3519 311 3574 cluserIt
329 3519 543 3574 sollicitatorem
562 3518 728 3589 pudicitiae,
753 3523 785 3573 ut
804 3518 834 3572 in
853 3518 971 3587 pistrino
991 3535 1053 3572 eum
1072 3519 1236 3587 includeret,
1263 3521 1311 3575 ubi

137 3608 278 3664 nolentem
298 3608 440 3662 uolentem
460 3608 622 3676 expectaret
637 3605 731 3660 asinus
746 3607 884 3675 aliterque
899 3624 982 3677 quam
1006 3609 1169 3676 sperauerat
1186 3609 1310 3663 molendi

136 3696 198 3752 dira
216 3698 377 3753 necessitas.
397 3728 430 3737 -
451 3698 498 3753 11.
518 3710 605 3764 quem
626 3696 713 3764 siqua
731 3695 869 3762 astragis.
907 3697 960 3751 hoo
978 3698 1093 3751 uerbum
1108 3697 1178 3752 alibi
1192 3699 1228 3753 dc
1242 3699 1310 3753 uiris

139 3787 244 3842 coitum
263 3786 441 3856 patrantibus
461 3786 621 3852 adhibetur;
645 3785 679 3838 de
698 3784 804 3839 semina
822 3785 846 3839 si
864 3785 911 3840 hic
929 3785 1063 3840 usitatum
1083 3790 1169 3855 osset,
1190 3788 1249 3842 ‘ore
1268 3805 1311 3843 os·

137 3877 274 3945 eulisque’
300 3875 440 3930 similiaco
466 3877 501 3930 ad
524 3875 699 3930 intellectum
723 3875 881 3929 necessaria
906 3875 1018 3930 omnino
1038 3876 1134 3929 abesse
1153 3877 1309 3945 nequirent.

137 3966 241 4021 Catulli
260 3983 321 4021 esse
339 3968 408 4036 puto
430 3964 595 4032 ‘admittit’;
619 3964 653 4019 cf.
674 3965 765 4020 Plaut.
784 3963 861 4017 Asin.
882 3963 894 4016 I
913 3969 938 4032 3,
957 3968 1004 4031 89,
1024 3963 1104 4018 Ouid.
1125 3981 1178 4018 cm.
1199 3965 1209 4017 l
1230 3971 1255 4031 6,
1275 3971 1308 4019 ’19

136 4058 165 4110 99
195 4072 218 4109 a
252 4072 277 4109 a.
306 4054 344 4108 111
374 4061 434 4109 609.
460 4087 490 4094 -
517 4057 667 4125 putemus.
712 4052 789 4106 XXII
817 4058 858 4106 12.
903 4051 937 4108 cf.
969 4055 998 4107 et
1024 4053 1085 4108 Tib.
1110 4052 1122 4105 l
1150 4060 1174 4121 9,
1203 4061 1236 4107 '15
1267 4074 1308 4124 sq.

136 4175 169 4185 -
196 4143 244 4199 12.
268 4145 385 4211 aegroti
411 4145 511 4199 culum
534 4144 652 4211 liugero
676 4141 847 4197 cornlsselst
886 4142 951 4197 ‘cul
975 4142 992 4196 l.
1012 4142 1104 4211 posse’
1132 4141 1255 4210 (XCVIII
1280 4147 1307 4211 4)

135 4235 257 4290 obicitur
282 4233 479 4289 abiectissimis
508 4234 667 4288 hominibus
695 4232 843 4301 quidlubet
870 4231 931 4301 pati
959 4237 988 4285 et
1014 4232 1105 4286 facero
1133 4233 1251 4301 paratim
1280 4235 1310 4288 et

135 4327 254 4393 augetur
282 4322 413 4379 dictionis
435 4323 612 4392 contemptus
637 4340 669 4376 99
689 4337 810 4391 persona
828 4320 952 4375 adiecta:
976 4320 1203 4391 despectissimus
1222 4321 1307 4377 fuisso

134 4414 286 4468 carnufices
310 4413 438 4468 uidemus
463 4430 497 4467 99
519 4412 599 4467 Mart
624 4410 748 4478 1161,4
772 4413 801 4465 99
824 4410 919 4466 quen.
943 4416 968 4478 8,
990 4416 1048 4465 175.
1090 4411 1187 4466 morbo
1210 4409 1306 4482 aliquo
