2940 4912
611 334 896 391 rnonnuounnn.
1296 339 1340 402 45

150 505 237 565 dubio
262 509 359 567 erant
381 506 558 566 communia
577 505 750 565 cantoribus
768 505 969 582 Euphorionis
989 509 1019 565 et
1037 507 1069 566 in
1089 507 1222 567 cultioris
1241 507 1341 583 poesis

147 606 240 664 initiis
272 605 427 665 lubenter
455 607 644 665 excusantur.
695 623 822 679 quorum
851 604 1034 692 reliquorum
1062 609 1220 681 posterum
1248 625 1341 665 nouo·

147 724 212 761 rum
240 705 386 763 carmina
418 704 508 763 docta
535 704 562 763 si
590 704 735 780 hodieque
766 702 918 777 adessent,
953 705 1171 780 suspiceremus
1204 708 1277 781 puto
1308 708 1342 763 ut

147 802 261 861 satulli
286 803 356 862 fere
380 802 541 878 proprium
561 802 605 876 id,
625 801 847 878 propterquod
867 803 959 861 etiam
978 803 1110 861 carmina
1130 802 1167 860 ab
1187 805 1252 861 arte
1271 821 1342 861 non·

145 900 217 959 dnm
240 904 464 960 consummata
488 900 680 977 displicentia
708 905 866 978 tantopere
889 905 990 961 tamen
1019 903 1154 978 legentes
1183 902 1342 978 delectent,

146 1000 263 1059 scilieet
287 1003 422 1077 propter
445 1018 518 1058 uere
540 1000 690 1075 poeticum
709 1000 881 1059 fabularum
900 1000 1063 1059 tenerrima
1082 1001 1166 1077 poesi
1184 1001 1341 1075 plenarum

146 1102 192 1171 int
220 1099 422 1158 Laudamiae
455 1101 487 1157 et
516 1090 680 1178 Ariadnes)
712 1099 898 1158 intellectum
930 1099 1161 1176 descriptionem
1189 1103 1341 1175 ornatum3

145 1197 256 1272 quihus
287 1197 385 1256 rebus
416 1195 571 1255 Catullum
599 1198 717 1254 tantum
747 1215 905 1272 superasse
934 1217 977 1256 ex.
1002 1216 1047 1273 gr.
1076 1196 1202 1256 Cinnam
1230 1189 1281 1278 (cs.
1311 1202 1342 1256 et

145 1297 284 1356 earmina
309 1289 420 1355 ‘Ciris’
445 1298 477 1354 ot
499 1286 617 1353 ‘Culex'
641 1284 810 1373 inscripta),
834 1297 980 1369 quantum
1000 1299 1124 1372 superet
1143 1314 1232 1355 uerus
1251 1298 1342 1372 poeta

147 1395 365 1467 umbratilem,
390 1411 494 1453 omnes
523 1393 617 1452 habet
639 1391 861 1468 probabilitatis
884 1413 1033 1454 numeros,
1070 1414 1166 1470 neque
1189 1394 1264 1452 illud
1288 1394 1341 1452 mi·

146 1493 278 1552 randum
302 1497 370 1565 est,
394 1491 476 1569 quod
499 1491 588 1550 docta
611 1488 745 1550 carmina
768 1494 803 1549 ut
830 1491 862 1550 in
885 1492 1008 1552 uocibus
1032 1493 1183 1551 nonnullis
1207 1491 1340 1552 dictioni·

149 1593 264 1669 busque
288 1592 387 1651 nimie
412 1609 533 1665 prosam
557 1589 722 1649 orationem
745 1590 880 1666 sapiunt,
903 1591 947 1649 ita
971 1591 1002 1649 in
1026 1591 1249 1650 enuntiatorum
1272 1609 1337 1651 con·

148 1694 319 1750 structione
351 1687 443 1747 Ennii
473 1679 698 1767 strueretur)
723 1687 947 1762 simplicitatem
975 1689 1072 1765 magis
1100 1709 1189 1765 quam
1213 1688 1341 1765 Vergilii

148 1802 246 1848 mem
273 1787 437 1848 interdum
460 1785 609 1846 redolent:
637 1804 706 1845 nam
730 1790 801 1844 sunt
828 1791 965 1846 cantores
994 1787 1196 1862 Euphorionis
1220 1788 1339 1847 omnino

147 1887 235 1945 medii
265 1887 356 1945 inter
383 1883 499 1960 priscos
528 1883 597 1942 illos
626 1887 656 1942 et
683 1887 769 1942 uates
796 1886 980 1962 Augusteos.
1006 1918 1048 1926 -
1076 1886 1136 1945 iam
1164 1885 1340 1962 significant,

147 1986 336 2061 ubicumque
371 1983 404 2042 in
434 1981 617 2041 numinibus
650 1981 815 2042 minoribus
850 1983 1005 2044 doctorum
1039 1985 1145 2043 horum
1174 1984 1340 2045 studiorum

150 2083 283 2160 uesfigia
307 2084 476 2158 apparent,
501 2083 608 2156 sponte
633 2098 698 2140 sese
729 2082 807 2141 hunc
832 2085 972 2141 ornatum
995 2083 1141 2143 obtulisse
1165 2084 1341 2159 plerumque

150 2189 255 2257 poetae
280 2199 348 2240 non
371 2178 539 2256 quaerenti.

238 2278 363 2337 Eadem
388 2274 559 2335 differentia
581 2275 662 2334 inter
689 2281 829 2351 poemata
856 2279 943 2337 docta
970 2284 1002 2338 et
1024 2280 1139 2338 leuiora
1168 2280 1260 2338 etiam
1290 2279 1340 2338 ob-

151 2376 306 2437 seruanda
339 2378 389 2434 est
416 2374 449 2433 in
471 2373 648 2433 sermonis
676 2377 939 2451 contemplatione.
984 2379 1085 2453 itaque
1110 2372 1149 2456 (si
1173 2378 1340 2436 omittimus

151 2496 173 2535 e.
196 2475 269 2535 LXI
294 2474 382 2533 inter
405 2476 567 2547 utrumque
591 2489 685 2548 genus
710 2471 753 2532 ita
772 2475 918 2549 medium,
944 2481 977 2535 ut
1000 2480 1032 2534 et
1054 2477 1135 2535 uitae
1159 2475 1340 2535 cottidianae

153 2576 283 2634 diutione
308 2572 434 2646 saepius
459 2572 565 2628 utatur
588 2589 685 2646 neque
709 2575 811 2632 tamen
834 2575 951 2634 altioris
971 2575 1116 2634 orationis
1140 2574 1269 2634 flosculis
1293 2594 1339 2633 ex-

152 2675 273 2750 quisitis
297 2677 417 2742 careat,
443 2672 475 2728 et
497 2687 586 2745 porro
605 2668 718 2728 LXVII
738 2674 849 2748 magis,
873 2675 989 2734 utiam
1014 2674 1089 2746 dixi,
1114 2673 1339 2750 epigrammatis

155 2768 265 2851 uiuite)
296 2788 371 2846 pars
402 2767 533 2828 secunda
561 2786 616 2841 per
647 2770 746 2828 omnia
773 2789 804 2828 se
837 2772 969 2831 ostendit
997 2772 1028 2831 in
1056 2792 1191 2832 sermone
1219 2773 1339 2848 partici-

157 2894 220 2947 {em
246 2870 388 2931 eiusdem
413 2867 566 2926 doctrinae
587 2853 779 2945 intentaequc
799 2888 901 2945 curae,
925 2890 1013 2945 quam
1033 2871 1064 2928 in
1083 2871 1189 2929 ceteris
1209 2870 1340 2928 carmina

157 2972 205 3029 iiia
223 2989 300 3047 prae
322 2989 356 3028 se
376 2969 486 3025 lerunt.
521 2969 552 3024 et
571 2966 617 3023 hic
636 2966 673 3023 ud
694 2984 737 3041 ea,
758 2986 833 3041 quae
849 2987 941 3042 supra
955 2989 983 3042 p.
1001 2972 1038 3026 17
1057 2987 1099 3043 sq.
1115 2968 1145 3025 in
1165 2969 1339 3026 uniuersum

157 3070 281 3146 exposui
310 3066 459 3126 accedunt
488 3065 608 3138 singula
639 3065 718 3122 haud
747 3083 848 3139 pauca.
896 3068 990 3124 ueluti
1018 3066 1119 3124 studia
1146 3066 1176 3124 in
1205 3066 1338 3143 linguam

159 3172 283 3243 inpensa
307 3167 457 3241 apparent
480 3164 511 3221 in
539 3152 618 3234 ἅπαξ
642 3159 819 3241 λεγομένοις,
845 3184 971 3240 quorum
996 3168 1064 3239 post
1087 3164 1228 3223 Pluutum
1252 3183 1337 3222 nemo

158 3274 216 3325 rere
245 3271 409 3342 poetarum
438 3263 600 3320 latinorum
630 3261 722 3319 babet
745 3261 839 3335 plura.
888 3262 1009 3337 collegit
1037 3281 1072 3319 eu
1103 3262 1262 3338 diligenter
1286 3262 1337 3321 sod

159 3386 213 3422 nun
247 3363 338 3439 plene
371 3360 552 3418 FTeufelius
584 3360 615 3418 in
647 3359 857 3418 dissertatione
889 3361 1084 3436 Friburgcnsi
1113 3380 1138 3417 n.
1171 3364 1253 3419 1872
1287 3354 1339 3418 ‘de

159 3462 285 3533 rotelli,
310 3461 386 3536 Tib,
410 3459 498 3533 I'rop.
523 3459 644 3517 uocibus
669 3453 884 3533 singularibus’
909 3460 1062 3534 inscripta.
1101 3458 1207 3532 loquor
1232 3458 1278 3516 hic
1303 3458 1339 3516 de

159 3572 243 3636 [erte
269 3558 411 3618 secunda.
446 3556 656 3615 difficillimum
682 3563 727 3614 est
751 3563 865 3630 autem,
890 3576 956 3616 cum
981 3561 1043 3615 tarn
1068 3557 1154 3631 pauci
1178 3557 1339 3631 scriptores

163 3680 217 3717 sna
246 3678 317 3717 cnm
347 3656 465 3714 t‘atullo
500 3655 639 3714 florentes
668 3653 753 3713 nobis
790 3656 903 3713 seruati
935 3656 996 3714 sint
1024 3649 1193 3733 (cantorum
1221 3655 1340 3730 Eupho-

162 3760 252 3817 rionis
279 3772 381 3814 nemo!
409 3760 440 3813 ct
469 3755 520 3830 qui
544 3758 633 3812 antea
661 3755 785 3811 fuerunt
809 3760 913 3828 poetas
938 3754 1096 3828 plerosque
1120 3754 1177 3812 nisi
1203 3774 1237 3812 ex
1261 3754 1340 3830 frug-

161 3856 271 3914 mentis
294 3872 354 3912 non
378 3853 564 3924 nouerimus,
588 3853 698 3928 ubique
724 3859 863 3910 accuiutc
884 3847 1020 3926 delinire,
1040 3851 1110 3927 quid
1131 3853 1168 3910 ad
1189 3853 1340 3910 t‘utulluui

161 3956 290 4029 priunum
311 3953 500 4010 inuentorem
520 3950 560 4007 sit
579 3950 776 4008 referendum.
811 3970 906 4025 nequo
926 3951 1070 4008 abhorret
1086 3970 1103 4008 u
1118 3951 1340 4025 probabilitate,

231 4139 259 4198 ’)
283 4132 344 4185 sinu
370 4132 446 4183 insta
470 4127 579 4183 ratione
603 4130 730 4183 nonnulli
756 4131 885 4184 statuunt
905 4130 1065 4183 lurcrctium
1091 4131 1269 4183 obuersatum
1295 4135 1339 4183 uel

162 4215 321 4269 imitatione
342 4227 505 4280 expiscatum
525 4226 584 4263 osso
607 4211 652 4262 hic
673 4210 731 4263 illic
751 4215 859 4277 nostr03
880 4213 914 4265 ct'.
935 4210 1033 4263 llnnro
1055 4210 1154 4278 letitie.
1175 4228 1200 4276 p.
1218 4215 1250 4262 72
1266 4212 1339 4279 cipp}

162 4310 188 4349 ··t
210 4304 312 4351 venua
331 4292 449 4346 JJcsaeu
474 4291 501 4343 in
526 4291 623 4345 libello
650 4291 749 4344 ‘nuber
770 4290 914 4345 lnicretius
940 4290 996 4342 und
1018 4291 1075 4344 scin
1098 4290 1289 4343 Vcrhneltniss
1309 4308 1340 4342 ru

161 4378 268 4431 ¹:srull’
291 4372 385 4429 Kiliue
411 4392 435 4426 u.
459 4376 526 4424 1872
546 4372 629 4426 edito.
668 4390 701 4426 co
727 4390 812 4438 nuno,
837 4391 891 4440 quo
912 4370 1038 4425 t'atnllus
1063 4373 1103 4423 cst
1131 4375 1267 4438 mortuus,
1288 4373 1340 4424 lui·

162 4460 236 4513 metii
257 4473 376 4511 carmen
397 4451 522 4506 nondum
543 4470 560 4506 u
579 4453 711 4508 Cicerone
732 4456 793 4508 crat
811 4454 927 4506 editum.
