2940 4912
168 331 235 394 476
645 331 731 385 LXVI
751 335 865 386 esi—⁷3.

169 493 264 562 (Verg.
280 492 312 547 G.
328 493 339 543 I
354 498 430 560 246),
449 508 530 545 coma
544 491 693 544 Berenices
712 493 774 544 luce
789 490 1031 558 adpropinquante
1051 489 1079 543 iu
1098 489 1187 542 undas
1207 487 1344 555 mergitur

169 582 227 635 siue
247 579 363 642 occidit.
382 581 551 649 praecedens
570 580 698 649 aurigam
718 577 835 647 plaustri
855 579 917 632 sius
930 576 1040 632 Booten
1060 577 1105 644 (de
1125 592 1180 646 qno
1198 575 1289 630 sidere
1307 574 1343 629 ci.

170 670 310 724 Eratosth.
330 670 429 723 catast.
451 674 496 733 18,
517 667 618 736 Hygia.
638 670 703 723 asir.
724 667 750 720 11
768 673 784 721 2
804 669 834 721 ct
852 673 881 731 4,
905 669 981 720 Aret.
1002 665 1106 720 Phaen.
1125 667 1183 734 92),
1202 665 1249 734 qui
1269 663 1344 734 quod

170 761 235 813 ante
253 774 357 810 nouum
377 754 452 810 diem
473 755 577 809 lentius
598 772 613 809 e
633 757 711 811 caelo
725 755 788 809 abit
802 754 922 809 ‘tardus’
939 758 969 807 et
987 754 1088 807 ‘serus’
1105 755 1135 807 et
1149 754 1253 822 ‘piger'
1268 753 1344 822 apud

169 849 268 916 poetas
288 844 380 909 eudit3
399 843 481 899 Horu.
502 845 552 899 Od.
574 846 597 898 V
617 850 669 898 272
689 838 744 911 ὀψὲ
764 841 871 898 δύοντα
891 840 1020 911 Βοώτην,
1039 842 1142 898 Aratus
1162 847 1228 909 581,
1247 842 1279 909 Q.
1299 840 1344 898 oi-

170 951 233 991 cero
257 935 291 989 de
310 933 398 1003 signis
419 939 450 986 19
477 950 554 988 serus
577 935 608 988 iu
631 935 690 988 alia
713 934 841 988 conditur
862 932 965 987 Oceani
986 933 1053 1000 ripa
1076 949 1137 986 cum
1160 933 1219 986 iace
1236 932 1345 996 Bootes,

170 1022 297 1078 German.
318 1025 364 1077 Ar.
386 1028 435 1077 139
456 1024 552 1077 tardus
576 1024 607 1076 iu
625 1038 749 1077 occasum
766 1022 890 1090 οαοαίύαν
908 1037 961 1074 sua
981 1022 1113 1088 plaustra
1130 1020 1242 1085 Bootes,
1261 1017 1343 1076 Ouid.

170 1115 234 1168 met.
252 1113 275 1166 ll
293 1118 342 1167 176
357 1113 386 1166 et
399 1128 471 1179 quae
485 1112 565 1182 larga
579 1128 662 1165 manu
677 1110 820 1180 congessit
833 1108 964 1164 Heinsius
979 1109 1015 1163 ad
1030 1108 1092 1164 Vel.
1107 1109 1200 1164 Flacc.
1216 1107 1268 1162 VII
1282 1114 1344 1164 iti.

170 1201 318 1258 referenda
337 1198 411 1254 enim
429 1200 500 1254 haec
519 1201 549 1254 et
566 1201 727 1268 sequentia,
751 1203 784 1254 ut
807 1201 882 1254 recte
904 1199 1024 1254 adnotat
1041 1197 1186 1265 neurius,
1205 1198 1243 1252 ad
1260 1197 1343 1252 δόσιν

170 1293 200 1345 et
225 1285 368 1358 ἀνατολὴν
391 1283 521 1357 illaesis.
558 1288 617 1342 ‘nix
636 1289 709 1343 sero'
735 1305 811 1343 more
834 1304 934 1358 graeco
953 1284 1043 1357 (piiss
1061 1282 1140 1356 ὀψέ),
1158 1290 1191 1342 ut
1213 1286 1345 1343 similiter

174 1379 255 1432 tardo
273 1379 324 1431 uie
343 1378 432 1431 editus
450 1382 512 1431 criu
531 1377 592 1432 laus
610 1376 691 1433 Herc.
711 1383 758 1443 11,
777 1377 952 1446 copulatum
973 1376 1008 1431 cl.
1027 1378 1056 1431 et
1074 1375 1204 1430 German.
1224 1377 1272 1429 Ar.
1291 1380 1344 1431 598

169 1467 276 1521 siderea
294 1467 346 1519 uic
365 1470 421 1519 ium
435 1467 554 1520 euticius
572 1467 631 1522 iace
643 1466 743 1520 Bootes
757 1468 788 1520 iu
801 1472 889 1520 terras
903 1466 981 1520 cdiii.
1011 1464 1085 1519 idem
1100 1470 1151 1520 soi
1167 1481 1308 1534 uepooeros
1318 1507 1343 1520 ..

170 1571 269 1610 οννααο
282 1570 385 1609 merses
398 1558 428 1609 et
442 1561 493 1609 659
508 1553 592 1609 Orion
608 1556 672 1609 aliis
686 1556 818 1624 merciiur
831 1555 928 1610 undu:
947 1553 1097 1608 sollemnia
1111 1554 1180 1609 haec
1194 1556 1225 1609 ct
1237 1554 1343 1609 similia

171 1641 303 1712 (tingere
323 1660 351 1697 se
371 1643 486 1697 oceeuo’
507 1643 554 1696 nel
574 1642 680 1712 ‘tingi'‚
700 1646 731 1696 ut
750 1645 780 1696 et
793 1643 889 1697 statim
905 1641 1021 1711 ‘Tethyi
1034 1641 1207 1712 restituere')
1220 1643 1256 1699 rie
1271 1642 1344 1699 side

170 1730 246 1786 ribus
260 1730 460 1786 occidentibus.
477 1763 509 1771 -
525 1732 574 1801 ee,
591 1732 638 1787 io.
654 1731 707 1786 sed
721 1746 900 1799 quamquam
914 1745 962 1786 me
976 1732 1044 1787 luce
1058 1733 1199 1802 premunt
1213 1733 1345 1801 uestigia

171 1821 289 1890 diuum,
313 1822 367 1876 lux
391 1822 490 1875 auteur
514 1835 606 1876 canae
630 1820 737 1890 'l'etlryl
762 1820 911 1877 restituit.
953 1819 1056 1876 transit
1078 1812 1158 1876 coma
1182 1821 1219 1876 ad
1242 1840 1344 1879 nonam

172 1911 317 1965 Berenices
340 1895 543 1977 adulationem,
567 1926 597 1964 se
619 1908 689 1963 licet
712 1926 821 1964 summo
845 1910 986 1964 adfectam
1010 1910 1115 1964 honore
1137 1911 1235 1965 tamen
1257 1929 1345 1981 usque

171 1999 265 2054 dolere
284 2013 302 2050 a
317 1996 423 2051 uertice
442 1997 570 2052 dominae
585 1997 745 2053 discessum.
773 2002 855 2053 nocte
873 1998 903 2052 in
918 1999 1026 2053 caelum
1041 1999 1132 2054 relata
1145 1999 1238 2069 fulget
1251 2001 1346 2056 uicina

171 2084 244 2150 deis,
273 2101 323 2153 per
352 2083 426 2138 diem
452 2088 546 2140 eutem
569 2087 713 2141 submersa
735 2086 763 2140 in
787 2087 876 2142 undas
899 2087 928 2141 iu
952 2087 1013 2142 sinu
1036 2088 1160 2158 Tethyos
1182 2089 1345 2158 requiescit:

173 2172 256 2242 Verg.
272 2173 323 2227 ccl.
339 2178 365 2240 5,
379 2180 413 2227 56
432 2175 569 2230 candidus
587 2176 724 2230 insuetum
742 2177 862 2231 miretur
883 2178 964 2232 limen
984 2178 1094 2247 Olympi
1111 2178 1162 2232 sud
1178 2179 1346 2248 pedibusque

171 2263 246 2317 uidet
264 2263 349 2316 nubes
367 2268 391 2316 ei
409 2263 501 2316 sideru
519 2262 662 2331 Daphnim
687 2263 812 2334 Scaliger
830 2282 873 2334 cp.
894 2265 996 2320 Aratus
1015 2272 1067 2320 339
1085 2267 1167 2320 θεῶν
1185 2261 1242 2321 rinc
1262 2269 1345 2323 uacci

171 2357 302 2418 φορεῖται
317 2352 455 2416 λείψανον
471 2345 632 2415 Ἠριδανοῖο
645 2352 859 2406 πολοκλαύστοο
873 2360 1022 2422 ποταμοῖο,
1033 2352 1235 2409 Valckenarius
1246 2356 1344 2411 Manil.

173 2439 184 2491 I
204 2445 256 2494 802
275 2440 327 2492 iliu
345 2440 424 2493 dsunt
442 2439 530 2506 οεάαα,Ι
547 2440 612 2494 haec
630 2441 688 2495 illis
703 2442 848 2509 proxima,
873 2443 970 2496 diuum
987 2444 1037 2511 qai
1054 2444 1157 2498 uirtute
1174 2459 1226 2498 suu
1243 2444 1346 2501 unae

171 2530 289 2597 ucetipia
311 2532 438 2596 torpunt.
481 2526 587 2597 Tethys
610 2529 656 2598 (cI.
686 2529 772 2584 cxlv
799 2535 844 2596 29)
873 2530 919 2584 hic
943 2547 994 2598 pro
1023 2532 1132 2585 ‘mure'
1159 2531 1287 2601 ponitur,
1313 2537 1347 2589 ut

172 2615 338 2670 LXXXVIII
358 2622 383 2683 5,
403 2614 511 2670 Gallim.
531 2619 665 2687 hymni,
688 2625 732 2685 173
752 2620 787 2673 de
808 2619 840 2672 ‘i'
861 2619 951 2673 datiui
972 2619 1098 2674 breuiate
1116 2621 1151 2674 ad
1171 2621 1259 2675 LXIV
1279 2629 1345 2690 2473

172 2705 264 2759 ‘cana'
285 2704 452 2760 attributum
471 2705 540 2760 deae
559 2706 602 2760 illi
622 2707 831 2763 uetustissimae
850 2710 948 2777 utpote
967 2708 1071 2761 nutrici
1086 2706 1198 2777 (rudici
1219 2712 1344 2766 omnium

172 2795 287 2848 deorum
312 2794 362 2848 dat
385 2795 470 2849 etiem
495 2795 575 2850 Ouid.
595 2799 661 2852 met.
681 2797 707 2851 II
727 2803 778 2851 509
798 2798 828 2852 et
852 2796 870 2852 i.
891 2799 916 2852 ll
937 2803 996 2851 191.
1034 2798 1133 2853 mirum
1152 2800 1181 2853 in
1201 2800 1224 2855 1
1243 2801 1346 2856 uitium

174 2883 343 2938 ‘restituam'
369 2886 525 2954 explicatur
548 2886 672 2939 eiusdem
693 2885 715 2941 V
739 2885 859 2940 lectione
879 2886 966 2940 ‘aut’2
992 2887 1151 2956 adscriptae
1170 2887 1198 2941 in
1218 2889 1345 2960 margine

173 2974 240 3027 ‘em’
256 2974 398 3028 litterulae
412 2977 441 3028 et
455 2975 490 3029 ed
503 2975 574 3029 ‘eut’
591 2974 763 3043 pertinentes
778 2975 813 3029 ad
830 2975 977 3030 ‘restituit’
994 2992 1079 3045 praue
1094 2982 1160 3030 sunt
1173 2981 1292 3033 tractae.
1309 3010 1344 3019 —

174 3062 220 3116 71.
240 3076 312 3131 pace
332 3063 385 3117 tuu
409 3063 469 3117 iuri
493 3063 543 3117 liic
567 3063 675 3134 liceat,
695 3063 879 3118 Rhamnusia
898 3063 998 3130 uirgo.
1035 3065 1063 3117 in
1082 3064 1244 3133 parenthesi
1263 3083 1345 3122 coms

172 3151 286 3220 mitigat
304 3154 473 3220 excusatque
493 3153 640 3206 uerborum
659 3170 686 3205 u.
707 3159 753 3216 75,
773 3154 1001 3221 assequentium
1017 3152 1209 3221 atrocitatem,
1228 3155 1252 3208 si
1271 3156 1345 3212 torte

172 3244 204 3293 ut
221 3239 333 3308 ingrata
352 3240 491 3294 offensura
508 3240 545 3293 sit
564 3240 629 3293 deos
650 3242 826 3309 maximeque
846 3241 979 3296 Nemesin
998 3239 1136 3295 dictorum
1159 3243 1344 3312 superborum

172 3331 201 3382 et
225 3327 357 3383 caelestes
381 3327 553 3382 laedentium
576 3327 717 3382 uindicem
740 3329 787 3399 (ad
806 3329 893 3383 LXIV
912 3334 977 3394 aab,
997 3328 1018 3381 L
1039 3331 1095 3396 20),
1118 3333 1200 3384 utens
1223 3333 1345 3390 formula

172 3421 265 3485 certa,
290 3418 323 3471 de
342 3434 398 3487 qua
416 3416 450 3472 ci.
471 3417 502 3482 Q.
523 3417 614 3471 Catuli
634 3434 730 3472 uersus
749 3435 834 3487 supra
852 3437 878 3487 p.
898 3425 927 3483 o,
946 3416 1027 3471 Ouid.
1046 3420 1080 3472 tr.
1101 3419 1125 3472 V
1147 3425 1192 3486 12,
1211 3428 1246 3476 15
1267 3441 1345 3492 pace,

172 3523 283 3574 nouem,
306 3513 399 3562 uestra
425 3508 505 3561 liceat
531 3508 648 3570 dimisse,
673 3524 790 3574 sorores,
816 3523 865 3562 uos
890 3509 953 3561 eatis
977 3512 1086 3562 nasim
1111 3511 1234 3564 nsaaeima
1258 3527 1345 3569 caasa

172 3598 255 3665 supas
274 3597 351 3664 (met.
371 3596 421 3649 Vll
441 3599 512 3664 704).
543 3595 623 3663 ‘hic’,
642 3597 670 3650 iu
690 3597 730 3650 eis
748 3613 820 3665 quae
839 3595 1006 3665 proferenda
1023 3596 1122 3650 habeo.
1144 3629 1174 3636 -
1197 3599 1243 3653 72.
1262 3616 1343 3657 nnn.

173 3700 229 3754 que
249 3699 305 3753 ego
324 3700 383 3738 non
404 3685 467 3740 ullo
487 3700 560 3741 uera
579 3686 688 3740 tImore
707 3687 816 3751 tegam.
844 3684 872 3738 id
888 3685 963 3752 quod
977 3702 1075 3738 nerum
1089 3686 1134 3740 est
1146 3685 1247 3756 (Flaui.
1263 3687 1342 3760 Oapt.

175 3775 196 3827 V
212 3781 237 3840 2,
253 3782 267 3829 ‘i
288 3793 355 3828 uera
374 3776 489 3844 loquere)
509 3775 611 3830 nullius
630 3775 746 3843 periculi
765 3775 841 3827 metu
861 3773 1044 3828 dissimulabo
1064 3774 1137 3840 (Tib.
1155 3777 1205 3843 le,
1219 3783 1253 3831 28
1267 3780 1344 3844 sacia

173 3866 286 3934 tepescis
304 3867 403 3934 lequel:
427 3882 481 3918 non
501 3862 677 3934 praepedIet,
696 3865 729 3916 ut
747 3862 789 3916 eit
807 3861 937 3926 Plautus,
962 3862 1049 3917 timor
1067 3863 1144 3919 dicta
1163 3865 1284 3934 linguae.
1309 3899 1342 3909 -

175 3954 221 4008 iii.
245 3967 300 4008 nec
324 3954 350 4008 si
371 3967 416 4007 me
439 3953 561 4008 iniestis
579 3952 753 4021 discerpent
775 3951 877 4006 sideru
900 3950 1002 4006 dietis.
1039 3969 1073 4006 nc
1092 3956 1151 4007 turn
1171 3954 1284 4023 quidem
1303 3960 1343 4013 te-

173 4060 251 4111 gam,
272 4043 303 4096 si.
333 4042 443 4095 uidetur
462 4042 515 4096 hoc
533 4040 757 4109 antiquissimum
778 4056 837 4094 esse
858 4041 1016 4110 exemplum
1034 4041 1110 4096 illius
1131 4043 1205 4098 ‘uec’
1227 4062 1276 4113 pro
1297 4046 1342 4100 ‘ne

172 4131 297 4199 quidem’
318 4131 438 4185 adhibiti
457 4131 631 4199 (Kuehnerus
649 4148 690 4199 gr.
710 4131 727 4183 l.
747 4129 771 4182 II
791 4148 817 4198 p.
835 4137 888 4185 650
902 4135 963 4199 sq).
992 4132 1085 4184 iuturo
1103 4137 1197 4185 autem
1217 4136 1342 4203 tempore

172 4236 260 4288 paene
280 4223 384 4274 certam
400 4236 429 4273 se
445 4238 504 4274 esse
519 4220 553 4273 de
569 4220 621 4273 hoc
636 4218 774 4287 supplicio
789 4220 881 4273 innuit
895 4235 984 4275 coma
1013 4219 1193 4286 ‘discerpere'
1210 4223 1341 4288 quoniam

172 4324 228 4361 non
247 4309 282 4361 ad
302 4309 388 4363 uerba
411 4309 577 4363 transfertur
598 4311 642 4378 (ut
664 4309 750 4361 habes
771 4308 876 4362 ‘uerbis
895 4308 1018 4375 aliquem
1038 4307 1173 4372 lacerare,
1193 4310 1341 4382 corripere,

173 4396 372 4466 proscinderc'‚
392 4398 466 4462 sim.;
491 4414 554 4451 nam
575 4398 650 4467 apud
669 4395 739 4451 Geli.
760 4395 798 4449 VI
819 4401 865 4463 18,
885 4402 918 4451 70
938 4393 1134 4463 ‘disreptique'
1155 4394 1244 4450 bonus
1270 4400 1343 4459 liber
