2940 4912
193 339 258 403 268
335 426 343 441 ι
699 339 759 394 le
779 347 857 399 c-a.

192 499 288 557 Vettio
307 502 358 556 ant
370 501 475 559 Libone
494 504 569 559 hand
590 503 703 558 omnino
723 503 917 572 improbanda,
932 503 980 556 sed
1001 519 1073 570 quae
1091 501 1165 562 tanti
1178 518 1235 556 non
1250 501 1317 569 sint
1336 505 1369 558 ut

191 590 308 661 proptor
325 589 377 647 illa
395 592 510 647 tolerari
528 591 638 662 reliqua
656 591 793 663 possint’‚
817 608 861 662 ep.
881 591 936 646 Cic.
957 610 983 661 p.
1004 590 1076 646 Sest.
1095 598 1125 661 3·,
1145 596 1160 645 7
1183 596 1216 645 at
1233 591 1280 646 elle
1298 630 1323 645 ..
1342 591 1369 646 ss'

191 696 249 736 seon
266 696 382 750 cmm,
401 687 429 736 ot
448 683 571 752 alr'qssom
586 688 693 751 partem
712 682 843 737 maeroris
860 683 906 736 sni
927 683 1083 751 deponeret3
1103 677 1246 750 adicitque
1265 680 1367 737 Munro

191 769 269 824 illins
292 773 415 826 sectator
438 772 518 826 Lucr.
538 771 577 825 III
595 777 648 826 406
673 772 700 826 ai
721 788 778 826 non
799 772 963 826 omnimodis
985 776 1016 825 at
1038 785 1140 840 maeno
1153 775 1237 839 parte
1259 771 1369 826 animai

186 861 322 930 priuatae
344 862 373 914 et
396 860 421 914 II
441 867 509 916 101⁷
532 862 558 916 si
575 877 632 916 non
649 862 743 916 omerio
760 866 838 926 urst,
857 865 887 914 at
909 860 995 914 muto
1013 861 1136 914 maxima
1156 875 1227 929 pars
1244 865 1284 914 est
1302 877 1366 916 con·

192 949 303 1018 ciuilis,
327 949 383 1005 (lic.
404 950 440 1004 ad
458 951 524 1005 fam.
544 951 608 1004 XVI
627 955 674 1018 24,
696 957 710 1003 1
735 968 753 1004 o
772 949 915 1013 Flamma,
938 951 964 1005 si
981 965 1038 1005 non
1053 954 1130 1018 potes
1148 965 1239 1016 omne,
1257 955 1369 1019 partem

194 1039 317 1108 olr'quam
339 1040 408 1093 realis
430 1044 597 1108 salmoneus.
635 1040 736 1108 quibus
760 1039 827 1094 locis
851 1038 997 1109 praecedit
1020 1040 1095 1093 recte
1116 1037 1155 1092 ‘si
1173 1054 1228 1093 non
1248 1038 1368 1108 omnis’,

193 1128 372 1197 subsequitur
390 1129 488 1198 ‘pars'‚
508 1145 579 1198 quaa
598 1129 711 1184 effertur
724 1129 888 1199 plerumque
903 1146 953 1198 per
972 1128 1040 1182 ‘at’:
1058 1125 1200 1182 inuersam
1219 1125 1369 1198 rationem,

194 1235 278 1287 quam
303 1217 348 1271 hic
367 1217 477 1273 codices
503 1234 571 1288 prae
594 1236 623 1274 se
641 1217 749 1287 ferunt,
775 1217 879 1273 omissa
901 1217 989 1288 partis
1013 1216 1155 1272 mentione
1178 1216 1298 1286 diserta,
1317 1235 1371 1275 nec

194 1324 258 1362 usus
272 1304 383 1362 stabilit
396 1324 448 1363 nee
463 1323 548 1362 eausa
561 1307 679 1363 interna.
704 1307 946 1378 praeterea(quod
960 1306 1074 1362 maioris
1090 1307 1134 1362 est
1146 1306 1293 1375 momenti)
1303 1325 1370 1362 uum
1399 1320 1405 1328 ·

194 1395 307 1450 homine
327 1412 409 1464 sano,
428 1413 479 1465 per
497 1397 564 1452 deos
582 1399 610 1452 te
630 1413 691 1464 oro,
710 1396 797 1467 digna
811 1398 855 1451 est
872 1397 944 1451 haec
964 1396 1118 1452 sententia:
1137 1398 1231 1452 cetera
1248 1395 1371 1452 sortasse

193 1484 260 1541 boni
279 1487 344 1538 sunt
362 1484 501 1552 catamiti,
521 1486 570 1542 sed
590 1484 660 1540 mali
677 1486 706 1541 in
725 1502 754 1540 re
769 1492 905 1541 uenerea?
934 1485 1147 1554 mirabimurne,
1165 1483 1271 1540 talibus
1285 1484 1371 1556 nugis

194 1573 287 1628 missis
312 1574 419 1643 priores
444 1575 557 1631 criticos
582 1576 636 1630 hoc
662 1592 774 1630 carmen
800 1592 830 1630 se
853 1592 910 1630 non
933 1575 1098 1645 intellegere
1122 1574 1263 1646 professos
1287 1584 1370 1632 esse?

194 1679 246 1732 ego
267 1678 300 1716 ex
319 1662 415 1732 inepto
434 1664 483 1718 illo
504 1663 701 1720 ‘sinouomnia’
722 1664 779 1720 leni
798 1664 995 1720 emendatione
1014 1664 1075 1718 erui
1093 1664 1205 1720 abiecta
1224 1664 1259 1719 ‘s'
1280 1664 1368 1721 diltc-

194 1752 303 1821 grapho
323 1751 388 1806 ‘illo
407 1753 536 1808 nomine’
556 1754 595 1822 (h.
615 1769 638 1808 e.
658 1753 695 1809 cb
713 1753 792 1808 illam
812 1771 939 1824 causam,
957 1757 990 1808 ut
1009 1753 1099 1808 XXIX
1119 1760 1151 1809 11
1171 1755 1201 1809 et
1219 1760 1267 1821 23,
1286 1755 1371 1825 Prop.

195 1842 207 1894 I
228 1848 258 1908 9,
277 1845 312 1896 28
335 1843 392 1897 olio
414 1844 536 1911 marine,
555 1841 648 1912 alibi):
673 1845 770 1898 notum
792 1843 835 1898 est
853 1860 937 1910 quam
962 1860 1045 1913 saepe
1065 1842 1117 1897 ‘ll’
1138 1842 1167 1897 in
1187 1844 1236 1898 ‘n’
1257 1843 1372 1914 abierit,

197 1931 327 2000 maleque
341 1930 442 1985 diuisis
456 1929 564 1985 uocalis
579 1931 669 2000 (‘iuou
684 1930 800 2001 omine‘)
814 1931 900 1987 latius
919 1932 1021 2002 serpsit
1037 1930 1202 2003 deprauatio
1216 1948 1372 2003 ausamque

194 2020 236 2075 ita
259 2019 338 2074 dedit
362 2020 562 2075 monachornm
587 2021 761 2077 correcturis.
802 2038 876 2076 nuuc
899 2038 967 2078 uero
989 2020 1061 2078 bene
1079 2037 1130 2091 per
1148 2021 1305 2090 asyndeton
1324 2038 1371 2077 ex·

194 2108 360 2177 plicatiuum
375 2111 507 2165 secuntur
525 2128 571 2165 uu.
587 2117 603 2164 6
618 2111 647 2165 et
662 2115 686 2176 7,
706 2109 755 2178 qui
769 2127 882 2166 causam
901 2110 980 2165 illam
999 2110 1152 2165 continent.
1181 2110 1320 2180 ‘uellem'‚
1339 2114 1372 2167 ut

92 2260 95 2264 ⁴
194 2215 235 2254 cn
255 2217 296 2269 gr.
316 2198 381 2255 Hor.
401 2203 453 2254 sat.
473 2199 485 2253 Ι
504 2207 534 2268 3,
553 2206 600 2255 41:
624 2217 713 2270 parua
736 2216 765 2254 se
785 2217 835 2269 spe
853 2199 942 2256 teneri
961 2200 1102 2270 siguificat
1123 2199 1286 2271 imperfecti
1304 2218 1370 2257 ccu-

194 2288 319 2342 iunctiuo
339 2291 436 2359 poeta,
456 2289 514 2345 fore
535 2293 566 2345 ut
584 2306 678 2345 aurem
697 2290 747 2344 det
765 2290 808 2344 his
823 2290 914 2345 uerbis
932 2290 1040 2346 Caesar.
1070 2290 1198 2346 ‘Fufioio’
1214 2290 1371 2362 (Scaligero

196 2378 333 2434 ‘Fuffitio'
354 2381 516 2448 praeeunte)
537 2379 676 2451 Hauptius
701 2379 780 2435 dedit
802 2397 854 2450 pro
877 2380 983 2435 tradIto
1004 2380 1149 2450 ‘Suffitic’,
1167 2380 1242 2450 quod
1265 2398 1370 2436 nomen

194 2467 314 2522 latinum
341 2469 425 2537 plane
453 2467 582 2538 ignotum
605 2471 660 2536 est3
690 2469 809 2525 nominis
834 2469 986 2524 ‘Fuficius’
1011 2469 1089 2525 haud
1116 2485 1207 2540 pauca
1228 2469 1371 2525 habentur

195 2557 336 2628 exempla3
362 2557 450 2613 ueluti
475 2560 558 2614 notus
583 2562 626 2614 est
651 2558 680 2615 C.
702 2559 823 2615 Fuficius
848 2558 944 2629 Fungo
970 2557 1078 2629 (Pauly,
1104 2559 1210 2628 encycl.
1235 2558 1304 2614 real
1330 2560 1370 2615 III

194 2664 222 2716 p.
238 2651 301 2717 52⁷)
321 2649 350 2702 et
368 2647 415 2715 qui
435 2648 596 2703 aVitrnnio
610 2647 662 2701 VII
676 2650 763 2719 praef.
782 2655 814 2703 14
834 2650 1069 2705 commemoratur
1086 2648 1206 2719 scriptor
1224 2648 1259 2704 de
1278 2649 1369 2705 archi·

195 2737 318 2805 tectura,
337 2739 486 2791 occurrunt
504 2737 602 2792 Fuficii
622 2737 708 2793 etiam
726 2738 755 2793 in
774 2738 872 2794 titulis.
904 2738 1061 2794 adnomen
1079 2737 1280 2793 stabiliendum
1299 2739 1370 2794 haec

195 2825 359 2892 adferimus3
379 2843 444 2881 nam
463 2828 524 2895 quis
544 2827 628 2881 fuerit
646 2831 739 2882 noster
753 2828 872 2882 Fuficius
892 2827 975 2898 plane
994 2827 1133 2882 incertum
1147 2830 1199 2884 est
1228 2828 1278 2883 sed
1292 2829 1368 2898 quis·

196 2914 258 2983 quis
276 2917 349 2983 erat,
368 2916 452 2971 homo
472 2932 556 2971 senen
574 2915 665 2970 uideri
684 2916 775 2972 uoluit
792 2916 910 2972 iuuenili
929 2917 1027 2972 ardore
1046 2935 1148 2988 pueros
1167 2916 1277 2984 sectari,
1297 2920 1368 2972 tarn·

196 3020 280 3074 quam
299 3006 392 3058 Aescu
416 3008 542 3060 recoctus
567 3007 626 3060 siue
649 3005 751 3061 iterum
774 3006 954 3061 iuueneecens
975 3005 1078 3074 (Plaut.
1097 3005 1195 3062 Pseud.
1217 3006 1305 3073 1112,
1325 3013 1369 3072 79,

196 3092 252 3148 Cic.
272 3093 300 3149 d.
319 3110 376 3147 seu.
396 3099 443 3162 23,
462 3099 510 3161 83,
529 3094 591 3150 Val.
610 3095 702 3151 Flacc.
722 3094 759 3148 VI
779 3101 844 3163 444,
864 3094 958 3162 Quint.
978 3095 1029 3149 VII
1048 3103 1078 3165 6,
1097 3100 1137 3166 7),
1164 3096 1248 3166 plane
1267 3097 1299 3150 ut
1316 3095 1368 3152 illa

197 3182 274 3252 apud
292 3182 403 3239 Petron.
417 3182 450 3238 fr.
466 3190 498 3237 21
515 3183 546 3238 B.
565 3201 638 3240 aare
655 3191 761 3241 recocta
778 3187 845 3240 uino
863 3186 1038 3240 irascentibus
1056 3187 1161 3241 abrilis
1177 3186 1214 3254 (h.
1229 3201 1254 3240 e.
1272 3185 1369 3240 uinum

196 3271 332 3343 dapsilius
358 3276 499 3344 sumptum
523 3273 592 3329 facit
614 3273 786 3344 puellascere
809 3290 908 3341 anum,
936 3292 1020 3342 quam
1044 3274 1166 3344 produnt
1191 3277 1286 3330 famen
1314 3277 1370 3330 tre·

197 3361 304 3418 mentia
322 3362 445 3433 labella).
474 3363 595 3433 Vulpius
614 3380 657 3434 cp.
676 3362 764 3418 etiam
777 3363 861 3418 Auth.
876 3363 936 3419 Pal.
952 3365 990 3419 XI
1004 3369 1065 3418 256.
1086 3395 1114 3403 —-
1138 3364 1168 3436 6,
1189 3365 1216 3420 7.
1235 3363 1371 3421 irascere

197 3451 309 3508 lterum
327 3452 402 3508 mels
422 3452 530 3510 lambls
549 3452 785 3526 Inmerentlbns‚
805 3453 893 3510 unice
912 3455 1090 3525 Imperator.
1123 3456 1283 3524 (propterea
1301 3454 1371 3510 istos

196 3543 333 3597 delicatos
351 3541 406 3598 tibi
423 3546 528 3612 tuoque
548 3541 624 3598 socio
643 3543 745 3597 uellem
765 3543 912 3613 displicere
919 3548 937 3613 ,)
960 3543 1036 3613 quod
1055 3543 1146 3598 denuo
1165 3542 1217 3598 tibi
1236 3542 1371 3613 stigmata

198 3632 332 3702 impcsIta
350 3632 483 3687 fateberis
501 3632 602 3686 iambis
621 3631 701 3688 nouis
720 3632 749 3686 in
768 3635 797 3687 te
816 3632 947 3702 derectis,
966 3633 1063 3702 quales
1081 3630 1139 3687 iam
1157 3633 1223 3686 ante
1246 3632 1275 3686 in
1294 3632 1323 3687 to
1341 3634 1372 3687 et

198 3721 369 3775 Mamurram
389 3721 498 3775 uibraui
518 3722 576 3775 sine
598 3738 660 3776 urea
679 3721 791 3778 omnino
813 3723 904 3792 culpa,
924 3723 971 3792 qui
990 3721 1111 3776 tussim
1129 3720 1243 3776 uiuendi
1261 3722 1369 3777 ratione

197 3810 233 3866 ad
253 3827 300 3866 eos
319 3812 486 3880 compulsus.
525 3811 594 3867 scite
618 3814 712 3868 autem
736 3815 822 3882 poeta
845 3814 914 3868 haec
933 3812 1106 3869 comminans
1127 3828 1178 3883 per
1196 3811 1284 3867 uerba
1303 3809 1370 3866 ‘illo

197 3899 320 3956 nomine’
343 3901 372 3955 et
387 3900 479 3954 ‘unico
493 3901 657 3971 imperatcr'
673 3902 828 3958 iamborum
850 3901 981 3958 carminis
994 3901 1071 3957 illins
1085 3901 1265 3957 famosissimi
1280 3899 1370 3954 XXIX

199 3990 362 4046 memoriam
383 3991 530 4047 resuscitat
550 3990 670 4047 Caesari,
700 3993 819 4047 ‘iumen’
841 3991 910 4061 (scil.
929 3993 1118 4063 mantuam),
1138 3991 1172 4047 of.
1187 3992 1223 4047 ad
1237 3989 1325 4046 XLIV
1344 3997 1369 4046 8.

268 4081 419 4150 Postquam
437 4079 604 4137 Parthenius
623 4085 652 4136 et
667 4080 800 4136 Astatiae
819 4082 854 4136 de
874 4079 1105 4153 interpretatione
1124 4078 1254 4137 carminis
1273 4079 1370 4150 despe-

197 4172 290 4225 rantes
314 4170 498 4239 complurium
523 4172 683 4239 poematum
707 4171 823 4224 miseras
852 4169 997 4240 relliquias
1021 4172 1118 4226 adeam
1142 4171 1370 4236 adfirmauerunt,

197 4276 252 4313 non
279 4260 427 4315 defuerunt
452 4261 499 4328 qui
526 4258 611 4314 uariis
637 4259 706 4314 locis
730 4259 846 4314 lacunae
870 4260 951 4329 signa
972 4262 1110 4329 ponerent
1133 4258 1232 4327 (ueluti
1255 4258 1368 4313 Iachru.

197 4349 262 4418 post
281 4355 296 4401 3
316 4351 346 4402 et
364 4354 393 4416 5,
413 4348 586 4404 LMuelIorus
605 4349 698 4418 posti
720 4352 749 4403 et
767 4355 783 4404 3
798 4351 828 4403 et
842 4353 876 4416 t).
906 4351 1003 4402 contra
1017 4346 1082 4401 inde
1096 4365 1114 4401 a
1129 4346 1272 4417 Scaligero
1287 4348 1371 4402 multi

197 4436 359 4507 extiterunt,
378 4438 425 4506 qui
444 4457 530 4494 unum
543 4438 752 4508 indiuisumque
766 4454 879 4495 carmen
893 4453 953 4492 esse
968 4435 1177 4502 contenderent,
1196 4452 1370 4505 quamquam
