2940 4912
210 264 276 327 260
710 263 746 319 LI
766 271 878 319 13-16.

215 423 304 492 (cuiue
327 427 474 493 praeterea
495 423 645 480 mollitiem
669 424 788 479 fortasse
811 424 925 494 putauit
948 425 1039 494 magis
1062 423 1092 478 in
1119 422 1224 479 femina
1248 437 1334 492 quam
1358 422 1388 476 in

209 511 269 567 uiro
284 513 484 582 tolerandam);
504 513 687 583 cohibuitque
706 514 765 568 eius
779 513 916 582 impetum
936 514 1028 566 metus
1046 528 1081 566 nc
1100 511 1226 567 laederet
1238 510 1387 579 amasiam,

209 618 294 670 quem
314 604 345 656 ut
363 617 462 671 puram
481 603 511 655 et
529 602 661 672 pudicam
688 601 883 657 uenerebatur.
920 602 949 655 et
972 600 1141 656 suffecerunt
1159 600 1235 655 omni
1253 616 1287 654 ex
1305 604 1389 669 parte

211 693 268 745 tres
287 691 354 746 illae
373 691 519 760 strophae,
543 691 681 759 siquidem
705 689 839 746 feminam
859 693 961 760 poetae
984 706 1063 744 amor
1080 689 1167 744 misso
1191 690 1245 744 hoc
1263 688 1388 744 carmine

209 780 309 834 trunco
336 796 427 848 neque
455 780 544 834 latere
568 783 693 850 poterat,
721 781 745 834 si
772 780 835 850 ipsa
861 777 905 833 illi
930 778 1059 846 fauebat¹
1086 795 1177 847 neque
1205 793 1272 832 uero
1300 777 1388 832 offen·

210 868 288 936 dere,
309 870 332 924 si
352 869 510 940 respuebat.
548 869 658 925 fruatur
676 886 725 924 suo
749 869 867 939 quisque
891 884 974 926 sensu
992 867 1166 937 iudicioque:
1190 867 1261 922 mihi
1279 882 1389 937 semper

210 957 341 1013 amabilis
361 962 404 1012 cst
422 958 498 1012 uisus
518 957 646 1013 Catullus
670 958 706 1013 ob
725 959 798 1012 hanc
822 957 913 1026 ipsam
932 955 1110 1011 reticentiam
1134 948 1318 1024 tenerumque
1336 972 1387 1024 pu·

211 1046 319 1114 dorem,
340 1065 395 1116 quo
414 1065 449 1102 ue
468 1047 557 1103 lineas
575 1051 681 1104 minere
704 1045 861 1102 transiliret
883 1045 990 1101 ueritus
1015 1045 1142 1100 substitit
1158 1044 1286 1114 nihilque
1303 1060 1389 1115 porro

132 1141 141 1156 ⁶
209 1134 314 1190 adiecit
333 1134 387 1189 nisi
410 1152 482 1205 quac
501 1136 531 1190 in
550 1136 759 1191 excusationem
782 1133 913 1190 licentiae
931 1134 988 1188 iam
1013 1133 1067 1188 sibi
1090 1135 1244 1204 permissae
1263 1133 1389 1203 proferre

210 1224 316 1294 potuit;
340 1227 369 1279 et
388 1228 419 1278 ut
437 1224 564 1293 homine,
588 1225 629 1280 ita
647 1229 732 1294 poeta
751 1223 921 1294 condignum
940 1240 1041 1279 censeo
1060 1223 1135 1279 huno
1153 1223 1304 1294 abruptum
1323 1223 1391 1294 (etsi

210 1330 265 1368 non
285 1312 344 1368 sine
363 1313 460 1383 aliqua
477 1313 590 1383 duritie)
610 1314 739 1369 carminis
758 1313 873 1370 exitum.
910 1313 950 1367 sic
974 1313 1068 1368 autem
1087 1312 1137 1381 qui
1155 1329 1265 1382 semper
1283 1314 1390 1367 statue-

210 1400 289 1469 bam,
317 1400 430 1472 garriens
458 1421 533 1470 sum,
566 1418 629 1457 cum
661 1401 791 1458 similiter
822 1402 993 1457 indicentem
1026 1401 1152 1457 uiderem
1179 1400 1389 1472 Westphelium

211 1489 251 1560 [p.
266 1492 322 1561 48].
344 1491 443 1546 -1a
463 1491 574 1564 otium,
594 1491 729 1565 Catulle,
749 1491 808 1548 tint
827 1491 987 1547 molestum
1007 1492 1065 1546 eet.
1094 1489 1230 1548 audaciae
1244 1508 1312 1547 suae
1332 1492 1390 1547 cul-

212 1595 278 1648 pam
296 1582 387 1636 totam
406 1581 517 1636 confert
537 1580 568 1635 in
591 1579 716 1636 animum
738 1578 830 1636 labori
853 1580 925 1634 serio
947 1579 1124 1650 negotiisque
1142 1579 1246 1636 seueris
1264 1597 1323 1637 nou
1341 1581 1389 1636 de·

210 1669 314 1737 ditum,
342 1669 482 1725 sententia
509 1687 573 1724 cum
600 1669 629 1724 in
653 1668 719 1724 aliis
743 1669 826 1724 rebus
854 1669 1000 1737 mamam,
1028 1671 1089 1723 tum
1112 1669 1142 1724 in
1165 1685 1275 1738 amore,
1303 1687 1390 1739 quem

210 1757 373 1828 philosophi
392 1776 447 1814 non
466 1758 580 1815 aliunde
600 1776 684 1827 quam
707 1775 741 1813 er
765 1760 859 1814 mente
877 1775 968 1813 uacua
989 1758 1067 1813 nasci
1090 1757 1301 1814 declamabant:
1325 1759 1390 1814 Sto·

214 1847 300 1902 bacun
319 1848 378 1902 flor.
398 1847 485 1903 LXIV
504 1855 538 1903 29
559 1844 743 1918 Θεόφραστος
767 1845 935 1917 ἐρωτηθεὶς,
958 1849 988 1903 τί
1009 1843 1085 1902 ἔστιν
1109 1846 1192 1919 ἔρως,
1210 1845 1307 1912 πάθος
1332 1847 1390 1919 ἔφη

215 1937 308 2006 ψυχῆς
328 1936 527 2006 σχολαζούσης,
550 1938 624 1992 unde
643 1937 753 1993 fluxuse
776 1946 846 2007 puto
865 1937 939 2006 quod
957 1936 1062 2007 legitur
1079 1937 1110 1992 in
1128 1936 1313 1993 altercatione
1332 1936 1390 1994 Ha·

215 2025 305 2079 driam
325 2028 354 2079 et
367 2025 492 2095 Epicteti
511 2026 629 2098 [Fabric.
645 2025 716 2082 Bibl.
732 2042 834 2096 graece
849 2027 913 2080 XIII
928 2045 955 2096 p.
971 2025 1049 2098 66³J,
1067 2026 1117 2082 ubi
1134 2026 1173 2082 ad
1189 2027 1390 2098 interrogatio·

213 2131 277 2169 nem
295 2116 363 2185 qaid
386 2120 425 2170 est
442 2115 540 2170 amor?
565 2114 751 2187 respondetur
773 2117 855 2171 otiosi
872 2117 994 2186 pectoris
1016 2117 1151 2184 molestie3
1175 2116 1216 2174 cf.
1230 2117 1260 2171 ct
1278 2116 1391 2186 longior

212 2203 352 2274 expositio
377 2203 458 2262 Ouid
478 2221 546 2262 rem.
567 2211 616 2260 136
631 2223 704 2275 sqq.‚
723 2204 815 2259 Plaut.
835 2204 909 2260 Trin.
929 2204 968 2258 III
986 2211 1016 2275 2,
1034 2211 1069 2260 32
1092 2206 1125 2261 ui
1148 2205 1260 2261 Veneris
1277 2207 1392 2262 uinctus

212 2295 267 2349 otio
292 2336 317 2348 ..
341 2295 522 2363 infrendens
544 2296 634 2351 incidi
656 2296 686 2350 et
709 2295 790 2351 Truc.
810 2294 823 2348 I
846 2300 877 2363 2,
896 2300 931 2348 64
946 2312 1020 2364 sqq.,
1043 2293 1105 2349 Ter.
1129 2295 1231 2351 Heaut
1254 2293 1268 2348 1
1292 2302 1321 2365 1,
1345 2301 1391 2366 67,

212 2383 242 2437 P.
262 2382 347 2451 Syrus
366 2384 390 2436 A
410 2389 457 2452 34,
482 2384 548 2440 Tac.
567 2400 631 2438 ann.
650 2384 688 2437 lV
708 2389 744 2439 20
767 2385 825 2440 otia
843 2390 868 2439 et
887 2388 981 2453 turpes
998 2400 1103 2440 amores
1120 2386 1276 2441 execendo.
1314 2385 1391 2440 ‘mo-

212 2473 331 2528 lestum'
356 2473 403 2528 hic
426 2476 542 2529 eatenus
566 2477 610 2528 est
634 2472 887 2539 ‘incommodum’,
912 2474 945 2527 nt
966 2472 1097 2543 designet
1121 2472 1150 2528 id
1172 2473 1249 2543 qnod
1272 2490 1290 2528 a
1311 2475 1392 2529 recta

212 2578 319 2616 morum
338 2562 386 2617 uia
404 2562 520 2631 retinet,
540 2565 569 2618 et
586 2563 652 2618 iude
666 2563 725 2618 fere
742 2565 846 2631 aequat
862 2561 1073 2633 ‘periculosum’
1090 2561 1151 2618 siue
1165 2561 1389 2633 ‘perniciosum’;

212 2651 324 2706 uidetur
343 2651 396 2706 hoc
419 2669 530 2721 quoque
553 2669 587 2707 ex
605 2653 833 2722 philosophorum
858 2651 983 2708 dictione
1005 2652 1100 2707 crtum
1123 2651 1169 2721 (cf.
1190 2650 1247 2707 cio.
1266 2651 1303 2706 ad
1321 2653 1387 2709 Iam.

212 2738 264 2793 Vll
282 2746 326 2807 26,
348 2746 375 2807 ¹3
395 2739 543 2796 Caelianae
562 2746 638 2809 §433
658 2741 724 2795 Hor.
744 2739 854 2810 epistt
875 2747 898 2808 1,
920 2744 990 2810 108).
1019 2740 1172 2796 iocularem
1191 2740 1307 2797 Publilii
1325 2740 1389 2812 Syri

213 2828 247 2883 de
271 2829 328 2882 otio
352 2829 471 2884 molesto
495 2829 715 2899 disputationem
739 2830 869 2900 (fortasse
897 2846 961 2884 cnm
984 2830 1217 2900 philosophorum
1242 2828 1387 2899 inrisione)

106 2902 113 2915 ‘
211 2916 276 2973 une
300 2918 375 2987 spus
397 2918 572 2973 nacionum
597 2919 662 2990 [sat.
687 2918 712 2973 ιι
732 2925 756 2988 r,
776 2920 813 2990 ιι.
839 2950 871 2958 -
896 2918 944 2975 14.
968 2919 1032 2974 ouo
1057 2919 1179 2975 siuns
1201 2919 1389 2989 simusque

212 3006 318 3074 gestis.
360 3011 393 3061 ut
414 3009 457 3062 tot
479 3006 618 3062 uocabula
641 3007 744 3075 latina,
770 3008 839 3063 haec
862 3024 973 3079 quoquc
997 3025 1012 3062 e
1035 3007 1225 3064 Romanorum
1250 3008 1388 3079 pastorali

214 3095 353 3164 quondam
369 3095 429 3150 uita
443 3096 642 3165 profluxerunt,
657 3096 794 3164 siquidem
809 3096 930 3164 pecudes
944 3097 1002 3152 tam
1015 3097 1144 3152 exultant
1154 3114 1239 3167 quam
1248 3099 1389 3168 gestiunt:

214 3185 284 3240 Don.
310 3184 346 3240 ad
365 3184 426 3240 Ter.
446 3185 514 3240 Eun.
535 3184 573 3239 llI
592 3190 622 3254 6,
641 3190 656 3238 1
678 3185 805 3255 ‘postire’
830 3191 870 3241 est
891 3192 966 3242 motu
988 3189 1112 3257 corporis
1133 3193 1301 3256 meere.
1320 3190 1389 3261 qaid

212 3275 331 3340 sentina·
349 3280 455 3330 constet
473 3280 564 3330 auten
578 3293 597 3329 o
610 3277 764 3345 pecudibus
780 3277 819 3331 ad
832 3277 953 3332 homines
966 3292 1020 3332 esse
1033 3278 1208 3334 tammum.
1236 3279 1311 3334 unde
1325 3295 1388 3334 cum

213 3366 244 3420 ct
263 3364 390 3435 ‘gestire’
408 3364 528 3420 maxime
546 3365 575 3419 in
589 3366 672 3420 rebus
686 3365 768 3421 laetis
783 3370 931 3436 usurpetur
945 3366 1060 3435 (Paulus
1074 3366 1152 3422 Festi
1166 3385 1193 3437 p,
1208 3370 1263 3437 96),
1281 3371 1389 3423 utrum·

213 3470 267 3522 que
291 3454 408 3509 uerbum
435 3453 535 3510 ‘effuse
560 3454 705 3509 lasciuire’
732 3458 762 3509 et
781 3455 921 3511 ‘inaniter
943 3455 1051 3510 cileni’
1077 3456 1206 3524 denotat;
1229 3455 1325 3511 Liuius
1349 3457 1388 3512 lv

213 3549 256 3614 36,
273 3549 285 3597 1
313 3544 445 3600 Veliterni
463 3545 553 3599 coloni
565 3546 705 3613 ecstantes
719 3547 789 3612 otio,
808 3545 905 3600 lustin.
920 3544 985 3599 XVI
1000 3552 1017 3600 4
1035 3546 1170 3601 aduersas
1185 3547 1289 3616 pidem
1301 3547 1389 3603 κίιιιὲο

213 3634 268 3688 otio
294 3634 492 3702 insanientem,
519 3632 575 3688 Cic.
595 3634 678 3689 Tusc.
699 3634 722 3688 V
748 3641 777 3701 6,
803 3641 836 3690 16
861 3637 944 3691 inani
968 3636 1075 3692 laetitio
1097 3637 1225 3691 mmsis
1247 3643 1273 3692 ct
1295 3642 1390 3692 temere

213 3724 336 3791 pectione.
373 3722 492 3778 fortasse
515 3724 625 3778 iuuenci
648 3723 736 3778 libere
760 3723 789 3778 in
808 3728 889 3794 prato
912 3724 1036 3781 ludentis
1058 3742 1110 3781 nec
1133 3725 1226 3781 adina
1248 3726 1315 3796 iugo
1337 3725 1389 3780 im·

213 3810 306 3880 posito
326 3810 427 3865 durum
444 3812 570 3867 laborem
589 3813 660 3868 ferre
680 3813 757 3869 docti
775 3814 870 3884 imago
889 3814 1039 3872 obuersata
1057 3818 1102 3872 est
1121 3819 1230 3886 poetae
1267 3833 1323 3872 non
1341 3833 1389 3871 ne·

212 3898 383 3969 glegendum
403 3901 447 3954 est
464 3901 560 3955 autem
574 3901 646 3956 illud
659 3899 717 3957 cinci
734 3904 831 3958 κοινοῦ
847 3902 971 3973 positum
987 3904 1138 3960 ‘nimium’r
1157 3905 1231 3973 quod
1244 3905 1274 3960 in
1287 3905 1389 3975 quouis

213 3990 270 4045 alio
289 4005 416 4042 amorum
435 4006 537 4059 genere
557 3993 586 4046 et
604 3991 695 4061 ipsum
710 3992 827 4047 nimium
842 3995 922 4049 unice
936 3994 1057 4063 quadrat
1070 3993 1099 4047 in
1114 3994 1247 4050 feminam
1261 3997 1388 4066 nuptam,

213 4079 291 4134 cuius
310 4079 485 4150 possessione
503 4079 685 4136 interdictum
704 4084 765 4137 erat
783 4099 816 4137 ex
835 4083 897 4138 iure
916 4083 1011 4138 diuino
1030 4081 1220 4153 humanoque.
1257 4086 1388 4142 candem-

213 4186 266 4236 que
286 4169 455 4224 sententiam
473 4168 620 4224 continent
638 4171 799 4241 sequentia:
821 4202 852 4212 -
872 4172 925 4243 15,
945 4171 993 4226 ¹⁶.
1019 4171 1113 4226 otium
1137 4173 1170 4227 et
1193 4187 1283 4242 reges
1300 4175 1389 4245 prius

213 4259 244 4311 ct
263 4257 366 4312 beatas
385 4258 519 4328 perdidit
537 4258 639 4315 nrbes.
676 4260 716 4315 sic
735 4259 804 4315 olim
823 4261 869 4331 (ct.
889 4261 925 4315 sd
944 4258 1046 4328 1116)
1065 4260 1207 4314 Priamum
1227 4266 1256 4317 et
1274 4262 1388 4321 'liciam

213 4348 406 4415 pessumdedit
415 4349 492 4404 Paris
507 4366 556 4418 per
571 4349 709 4406 desidiam
724 4365 904 4418 corrumpens
918 4349 1038 4404 alienam
1052 4367 1175 4404 uxorem.
1205 4352 1324 4409 Octauia
1335 4362 1390 4411 ele
