2940 4912
146 299 211 363 l'l4
545 297 636 352 XXVI
655 305 679 353 b.
716 295 819 350 XXVII
840 301 917 350 1-e.

145 459 242 514 decim
256 459 288 514 et
301 459 457 514 ducentos.
484 459 544 515 scil.
559 459 713 512 sestertios.
744 475 881 511 summam
897 471 1065 526 perparum
1080 457 1162 523 (2600
1177 455 1245 521 mk.)
1259 470 1323 522 per-

146 548 230 617 spicis
243 547 377 613 indicare,
396 564 481 617 quam
500 546 580 616 parui
593 546 678 615 pretii
690 546 728 600 sit
745 546 797 600 illa
810 546 886 600 Furii
905 543 1014 611 uillula,
1034 560 1105 613 quas
1124 560 1181 598 non
1194 543 1321 612 potuerit

146 636 251 691 maiore
271 637 391 706 pecunia
408 637 470 691 dari
489 635 607 706 pignori.
638 636 708 703 ‘ad’,
728 653 777 705 pro
793 653 848 705 quo
863 635 953 704 magis
972 637 1137 689 consuetum
1155 633 1239 687 fuisse
1260 632 1321 687 ‘ob’

107 774 110 779 ,
145 726 229 779 docet
247 724 373 779 Terentii
392 726 469 780 locus
488 725 614 792 adlatus,
638 725 684 779 hic
704 728 819 794 propter
837 725 914 794 prius
934 724 992 779 ‘ad’
1014 722 1174 777 adhibitum
1192 721 1325 792 designat

144 815 228 869 finem
247 814 489 884 oppignerationis
509 816 553 883 (eo
574 814 690 882 pignore
705 831 843 868 summam
861 812 940 867 illam
960 813 1083 868 nancisci
1101 812 1272 881 uoluerunt).
1288 842 1322 852 ·-

145 903 174 958 b.
197 917 215 958 o
239 906 362 958 uentum
385 902 568 958 horribilem
593 903 685 970 atque
708 903 913 972 pestilentem.
951 902 1007 956 Cic.
1028 904 1105 957 hrat.
1124 901 1158 955 ir.
1177 905 1323 971 prognost.

144 999 171 1060 4,
190 998 206 1045 2
225 994 370 1048 horribiles
388 995 509 1046 clamans
533 994 637 1047 instare
654 993 801 1061 procellos,
824 992 889 1047 Hor.
909 992 954 1047 od.
973 991 1013 1044 111
1031 997 1074 1058 26,
1094 997 1110 1045 6
1129 1007 1178 1046 nec
1194 991 1324 1058 peridem

145 1087 197 1136 tem
215 1085 311 1138 renuet
328 1083 458 1149 Africum
475 1083 595 1149 senaida
613 1083 688 1138 uitis.
720 1082 797 1136 lusus
816 1082 868 1136 etsi
885 1099 937 1151 per
955 1099 984 1135 se
1003 1081 1169 1150 perspicuus
1187 1083 1240 1146 cst,
1259 1096 1324 1133 cum

145 1171 246 1226 uillula
271 1172 356 1226 nullis
382 1172 503 1226 obnoxia
529 1172 631 1238 uentis,
659 1187 743 1239 quam
771 1171 986 1240 praedicanerat
1009 1170 1124 1238 Furius,
1149 1172 1245 1224 tamen
1271 1169 1321 1223 ad·

145 1278 227 1316 uerso
251 1260 324 1316 aeris
349 1261 434 1315 alieni
457 1264 542 1316 uento
566 1260 695 1316 laborare
718 1260 842 1328 dicatur,
866 1264 1012 1330 praeterea
1035 1259 1122 1314 habet
1143 1258 1233 1313 salem
1255 1257 1325 1312 satia

147 1350 322 1417 aculeatum,
340 1350 390 1419 qui
408 1351 540 1406 carminis
559 1366 644 1405 causa
667 1350 812 1419 patefacta
829 1351 861 1403 fit
880 1348 1053 1406 manifestus.
1091 1365 1156 1403 nam
1176 1348 1209 1401 ut
1226 1346 1324 1401 statim

146 1454 238 1494 meam
263 1439 388 1508 aperiam
416 1440 598 1506 sententiam,
622 1439 721 1494 Furius
739 1442 852 1494 centum
875 1438 1007 1493 sestertia
1024 1453 1043 1491 a
1064 1439 1150 1507 poeta
1172 1453 1276 1506 rogans
1294 1435 1323 1490 in

146 1528 249 1598 pignus
268 1529 294 1583 ei
312 1529 441 1584 uillulam
460 1547 539 1584 suam
559 1529 712 1596 obtulerat,
738 1529 815 1584 cuius
839 1526 958 1583 uirtutes
977 1528 1084 1583 ceteras
1102 1527 1241 1581 extollens
1261 1525 1323 1580 lau-

146 1617 229 1672 dibus
253 1618 339 1672 ctiam
362 1618 396 1672 de
420 1618 476 1671 situ
499 1617 536 1672 ab
558 1616 688 1672 omnibus
710 1618 803 1672 uentis
826 1619 890 1672 tuto
913 1615 1001 1671 uerba
1023 1615 1136 1670 iecerat.
1173 1615 1246 1668 hanc
1265 1614 1322 1669 ioci

149 1706 243 1763 acerbi
266 1723 364 1761 ansam
387 1706 489 1776 arripit
509 1708 614 1761 noster.
651 1705 692 1760 sic
716 1723 826 1761 summa
848 1706 899 1761 illa
924 1722 1013 1775 parua
1031 1704 1077 1759 HS
1095 1703 1146 1759 XV
1165 1704 1276 1776 milium
1295 1705 1325 1758 et

151 1794 195 1850 GC
209 1814 314 1851 nouum
328 1796 433 1866 accipit
447 1813 572 1851 acumen.
601 1813 667 1850 nam
681 1794 740 1850 siue
755 1812 852 1851 uerum
870 1794 987 1850 nillulae
1006 1794 1129 1864 pretium
1147 1796 1324 1863 compertum

147 1885 249 1940 hahuit
265 1885 324 1940 siue
343 1884 495 1940 diuinando
514 1883 608 1952 finxit,
627 1884 755 1939 Catullus
772 1885 826 1938 hoc
841 1900 974 1953 responso
989 1882 1093 1937 refellit
1109 1882 1222 1938 fraudes
1236 1883 1325 1937 homi·

147 1973 204 2043 nis,
223 1975 272 2044 qui
290 1993 349 2029 rem
368 1974 457 2029 multo
476 1973 592 2028 minoris
610 1974 695 2044 pretii
714 1991 830 2043 eamque
845 1974 902 2028 iam
916 1973 1028 2043 pignori
1041 1973 1139 2027 datam
1158 1972 1196 2026 ob
1209 1973 1325 2027 centum

146 2063 276 2119 motertia
299 2064 399 2132 (sexies
421 2065 543 2129 tantum)
570 2064 661 2118 denuo
686 2062 872 2133 oppignerare
895 2063 1019 2131 studuit,
1040 2061 1178 2131 aimulque
1202 2061 1257 2116 hoc
1282 2077 1324 2116 re·

147 2170 249 2223 sponso
268 2169 332 2223 spes
351 2154 427 2222 ipsas
446 2150 525 2207 llurii
543 2155 627 2208 uento
646 2152 764 2207 mflauit
783 2152 922 2207 ‘horribili
939 2156 1025 2222 atque
1043 2149 1209 2222 pestilenti’.

663 2307 802 2364 xxm

219 2422 248 2494 1,
267 2421 296 2475 2.
315 2420 457 2476 lllnlster
476 2421 575 2476 uotull
594 2435 670 2490 puer
688 2421 812 2476 Falerni
834 2421 923 2488 inger
941 2420 982 2476 ml
1008 2420 1122 2475 calleas
1145 2421 1325 2476 ammtores.

148 2512 218 2565 heus
243 2526 325 2580 puer,
351 2510 401 2578 qui
426 2509 569 2564 ministras
593 2509 742 2564 Falernum
767 2512 917 2566 uetustum.
955 2509 990 2564 de
1013 2509 1067 2564 hac
1090 2511 1159 2563 nota
1180 2526 1325 2564 semorum
1351 2509 1358 2520 ‘

149 2599 340 2669 appellatione
354 2598 488 2653 familiari
503 2599 536 2653 cf.
553 2599 690 2668 Lygdum.
705 2607 731 2669 6,
745 2606 780 2654 62
798 2605 830 2653 tu
846 2617 931 2668 poter,
945 2600 971 2665 i,
989 2599 1125 2669 liquidum
1138 2600 1241 2666 fortius
1254 2601 1326 2655 adda

147 2706 248 2742 merum
262 2689 342 2758 (ibid.
357 2692 391 2742 bl
411 2704 497 2742 meaa
515 2689 613 2743 olente
627 2689 750 2742 minister
756 2687 791 2756 ἓ).
824 2705 877 2757 par
890 2690 985 2742 autem
998 2691 1061 2742 erat
1077 2686 1108 2740 in
1126 2688 1325 2744 comissatione

149 2778 241 2831 uarios
260 2776 385 2830 adfuisse
405 2793 500 2831 seruos
519 2794 537 2830 a
555 2776 683 2847 potione;
703 2781 735 2832 ut
754 2776 885 2832 similiter
902 2777 932 2831 in
950 2776 1083 2833 conuiuio
1096 2777 1172 2848 apud
1185 2776 1282 2834 quen.
1299 2785 1326 2846 6,

149 2871 182 2919 69
197 2884 257 2934 sqq.
278 2869 390 2934 praeter
409 2866 555 2919 Gaetulum
570 2866 767 2936 Ganymedem,
786 2867 840 2921 hoc
860 2870 904 2920 est
921 2883 1032 2922 seruum
1052 2864 1183 2936 οἰνοχόον
1201 2884 1236 2923 ox
1255 2867 1327 2922 Gaa-

147 2955 219 3008 tulia
238 2954 400 3020 oriundum,
421 2957 655 3010 commemoratur
674 2957 780 3010 calidae
800 2958 956 3026 ualidaeque
973 2957 1104 3012 minimer.
1142 2955 1189 3011 hic
1207 2973 1326 3026 puerum

149 3043 186 3098 ad
212 3042 359 3113 cyathum,
386 3045 453 3111 quia
476 3045 500 3100 is
525 3062 559 3099 ex
584 3047 692 3100 cratere
718 3045 824 3112 haurit,
850 3045 880 3109 in
905 3063 961 3115 quo
987 3046 1083 3101 uinum
1110 3050 1171 3100 erat
1196 3048 1326 3116 mixtum,

148 3131 219 3186 nihil
245 3133 303 3186 iam
328 3133 445 3186 attinuit
469 3149 584 3202 uocare,
613 3150 677 3187 curn
705 3152 812 3189 merum
841 3138 916 3190 esset
941 3135 1096 3190 bibendum
1123 3138 1232 3205 poetae,
1276 3134 1326 3204 qui

148 3222 184 3277 ad
203 3221 291 3276 alium
310 3221 450 3290 quendam
469 3239 582 3276 seruum
601 3240 629 3277 se
644 3225 811 3279 conuertens
826 3226 899 3279 hunc
916 3224 1013 3280 addito
1029 3226 1077 3279 ‘m
1092 3244 1119 3281 u.
1133 3225 1176 3280 F)
1193 3226 1326 3282 acetaria

148 3311 288 3381 pincernis
307 3311 464 3382 distinguit.
502 3316 564 3368 erat
586 3315 680 3367 autem
701 3314 861 3368 ‘uetulum’
882 3314 997 3369 solitum
1016 3314 1089 3370 inter
1106 3315 1224 3370 bibones
1242 3315 1324 3370 attri-

149 3404 248 3456 butum
271 3402 397 3467 Falemi3
423 3403 481 3456 iam
500 3401 640 3473 Hauptius
660 3403 767 3475 [opusc.
787 3403 813 3457 ll
831 3422 859 3472 p.
876 3404 940 3475 126]
964 3420 1007 3473 cp.
1027 3404 1150 3460 liacrob.
1170 3402 1221 3458 Vll
1241 3409 1289 3473 12,
1309 3411 1326 3459 6

148 3493 221 3546 aude
239 3498 277 3546 est
295 3493 366 3547 illud
382 3493 574 3561 prouerbium,
592 3509 645 3562 ario
664 3499 784 3548 utuntur
798 3495 924 3564 mamaea,
938 3495 1056 3549 nubum
1069 3496 1141 3564 quod
1155 3495 1241 3564 proba
1259 3499 1324 3549 uni-

147 3599 224 3649 percs
241 3583 407 3636 miscendam
425 3598 479 3636 esec
499 3598 572 3638 nouo
591 3583 731 3652 Hymettia
749 3588 774 3637 ct
797 3585 889 3638 uetula
909 3582 1032 3638 Falerno
1051 3600 1190 3653 porroque
1208 3583 1292 3638 biart
1312 3578 1338 3637 l'

152 3675 194 3738 18,
215 3677 228 3722 1
249 3673 341 3724 uetula
359 3674 469 3726 miscere
488 3673 610 3727 Falerno
629 3676 659 3727 et
677 3671 742 3726 VllI
761 3678 808 3739 ll,
828 3672 865 3727 xl
884 3678 932 3741 26,
951 3680 968 3728 3
988 3673 1034 3743 (cf.
1053 3672 1289 3740 anicianae,
1308 3678 1326 3726 a

149 3760 293 3812 inmortale
312 3758 484 3830 Falernum).
522 3760 629 3817 indicat
646 3763 699 3816 hoc
719 3763 868 3817 Falernum
888 3765 1043 3830 uetustum,
1068 3764 1144 3832 quod
1162 3763 1323 3817 ‘seuerum’

148 3847 220 3902 dicit
237 3847 302 3902 Hor.
322 3848 367 3903 od
387 3850 398 3902 l
418 3855 461 3916 27,
481 3857 497 3904 9
517 3854 546 3904 et
567 3851 663 3906 ‘torte’
685 3852 722 3905 id.
742 3855 794 3907 sat.
815 3853 884 3920 114,
904 3858 939 3908 24
958 3854 1057 3921 (‘acre’
1078 3853 1232 3922 iuuenili,
1251 3854 1326 3921 216),

149 3938 232 3992 finem
251 3938 482 4007 compotationis,
506 3941 555 3994 nbi
573 3940 657 3995 misso
677 3944 784 3995 cratera
807 3941 864 3995 iam
888 3959 1030 3998 meracum
1053 3943 1201 4013 potabant
1238 3943 1326 3998 Athe-

149 4044 236 4081 naeus
254 4027 267 4080 Ι
286 4033 321 4081 ab
340 4028 403 4096 εἴδη
423 4025 476 4081 δύο
495 4031 555 4095 (τοῦ
577 4032 752 4100 Φαλερίνου),
776 4026 791 4084 ὁ
811 4026 953 4100 αὖστηρός
975 4031 1025 4084 aori
1048 4027 1243 4100 ὁγὶυιᾶζον,
1268 4031 1326 4089 (llo.

151 4117 227 4170 Brut.
248 4122 290 4185 83,
310 4122 362 4173 287
381 4122 412 4171 al
429 4119 457 4171 si
475 4120 536 4186 qaia
555 4119 677 4173 Falerno
700 4122 768 4175 aino
786 4122 942 4187 debotaar,
965 4120 1013 4172 aad
1030 4137 1059 4173 eo
1077 4138 1127 4175 nec
1144 4123 1188 4177 ila
1203 4137 1278 4177 nouo
1295 4127 1328 4177 ut

145 4208 284 4274 proximis
307 4208 464 4261 cerealibus
485 4215 581 4262 natum
605 4210 685 4274 uelit,
708 4227 757 4264 nec
774 4225 872 4264 rursus
895 4210 936 4262 ita
954 4213 1043 4261 “aare
1065 4215 1096 4262 ut
1117 4210 1258 4279 Opimium
1275 4217 1327 4266 aui

149 4295 282 4349 Anicium
308 4298 444 4351 consulem
468 4304 599 4366 queunt:
623 4301 703 4368 atqui
728 4301 778 4352 bac
803 4303 884 4351 nolus
908 4300 974 4350 sunt
996 4300 1134 4364 optumae,
1161 4301 1255 4367 credo,
1279 4301 1328 4357 aad

149 4385 240 4438 nimia
258 4391 382 4441 uetustas
399 4403 449 4440 nec
467 4386 546 4440 babet
562 4404 617 4441 ram
633 4405 714 4457 quam
729 4385 885 4457 quonimus
897 4385 1062 4438 suauitatem
1076 4402 1125 4440 nec
1138 4393 1176 4441 eat
1189 4389 1247 4444 iam
1260 4407 1328 4446 eane
