2940 4912
600 306 688 361 LXIV
706 314 838 363 95-100.
1234 305 1300 372 393

126 468 183 534 eis,
203 466 254 536 qui
272 467 307 522 de
326 466 453 536 inquieto
468 469 635 536 turbatoque
655 468 710 522 iam
725 471 838 538 pectore
852 468 970 539 uirginis
985 468 1131 538 cogitant).
1161 467 1211 522 alii
1225 468 1301 524 deni·

72 588 76 599 ·
126 576 181 628 qus
206 555 320 610 diuisim
344 557 442 625 legunt
462 556 509 609 ‘in
533 557 596 610 miti
615 557 729 624 corde’3
756 561 786 611 et
803 558 844 611 ita
867 575 896 611 re
915 575 982 612 uera
1002 557 1025 612 0
1044 558 1139 612 habet.
1175 558 1229 612 hoc
1249 575 1301 628 ego

126 665 199 701 nune
213 644 378 716 amplector,
392 648 424 700 ut
437 649 532 700 tamen
550 663 604 700 non
624 664 687 700 cnm
704 647 854 701 Parthenio
869 646 1004 716 explicem
1022 647 1062 700 ‘in
1076 646 1159 701 corde
1173 645 1301 715 puellari,

126 735 202 806 quod
218 735 287 789 mite
301 735 509 804 humanumque
526 752 585 790 esse
601 736 696 803 solet’,
716 736 763 791 sed
780 736 820 790 ita
834 734 944 805 accipio
958 735 997 790 ‘in
1013 735 1075 790 miti
1090 736 1181 790 adhuc
1196 735 1302 802 corde',

126 825 201 894 quod
228 824 336 879 seilicet
366 827 449 894 poeta
479 825 672 894 conparationi
701 826 816 894 coeptae
844 824 977 879 insistens
1005 825 1112 879 confort
1138 842 1199 880 oum
1232 825 1302 880 mari

125 913 282 983 tranquillo
306 929 396 981 neque
420 913 551 983 procellis
575 913 685 968 euolso:
709 913 738 967 in
762 915 846 968 corde
869 913 987 984 uirginis
1010 929 1107 968 securo
1126 913 1301 981 quiescentes

126 1003 220 1057 adhuc
242 1002 411 1072 cupiditates
435 1000 541 1054 excitat
564 1001 640 1055 Eros.
684 1002 818 1056 ‘misere’
844 1002 890 1056 hic
920 1019 974 1056 non
1001 1002 1078 1057 ualet
1102 1002 1216 1056 ‘ualde'
1242 1001 1301 1056 siue

128 1084 344 1156 ‘uehementem
362 1090 411 1144 sed
432 1090 630 1144 ‘miserandum
651 1090 678 1144 in
699 1092 833 1146 modum’.
867 1094 990 1146 ceterum
1012 1090 1041 1144 in
1059 1090 1112 1145 hac
1131 1091 1241 1145 Amoris
1260 1090 1300 1146 in·

126 1179 277 1236 uocatione
296 1179 436 1234 Catullum
456 1179 492 1233 ob
513 1178 608 1234 oeulos
628 1180 756 1235 habuisse
777 1180 868 1250 Apoll.
885 1180 974 1236 lthod.
990 1180 1028 1233 lV
1047 1187 1098 1234 446
1114 1199 1183 1250 sqq,
1202 1179 1303 1235 statuit

128 1269 364 1324 Mitscherlichius
388 1270 473 1322 etiam
493 1268 612 1339 Oppiae.
632 1270 694 1326 Hal.
715 1269 752 1321 IV
774 1275 805 1323 11
833 1271 898 1339 apte
922 1269 1074 1325 conferens.
1097 1301 1127 1309 —
1151 1270 1200 1324 et.
1219 1269 1302 1325 ourls

127 1358 282 1414 hominum
307 1358 360 1426 qul
382 1357 492 1424 gaudlu
516 1358 635 1413 misces.
674 1359 829 1413 ‘hominum
849 1357 965 1428 gaudia’
990 1361 1056 1413 sunt
1079 1376 1150 1429 pura
1172 1359 1223 1413 illa
1245 1359 1301 1413 lae·

126 1447 193 1502 titia
218 1448 419 1516 uoluptasque,
444 1465 527 1515 quam
551 1464 585 1500 ex
608 1464 672 1501 caro
697 1448 790 1516 capite
810 1464 906 1502 amaus
927 1447 1058 1517 percipit3
1082 1450 1127 1501 est
1144 1465 1222 1503 amor
1241 1464 1301 1503 cse-

128 1537 207 1591 lestis
231 1536 310 1590 nullu
334 1537 398 1589 duim
425 1538 488 1590 latre
512 1540 623 1590 terrena
646 1535 815 1605 inquinatus.
852 1536 926 1590 huno
950 1536 1040 1590 malus
1063 1535 1111 1590 ille
1131 1552 1213 1606 puer,
1232 1540 1301 1591 tam·

129 1643 214 1694 quam
234 1626 291 1680 mel
311 1625 388 1691 lello,
409 1625 481 1678 cirris
502 1625 663 1694 permiscet,
687 1625 853 1680 conmutans
876 1626 1013 1680 laetitiam
1032 1623 1119 1680 animi
1142 1624 1170 1678 in
1195 1625 1303 1680 tristem
1337 1651 1340 1658 ·

128 1714 254 1770 dolorm
274 1730 463 1783 angoremque
482 1715 526 1783 (cf.
546 1713 795 1785 edLXVlll·18).
813 1747 842 1754 -
864 1715 913 1769 es.
933 1728 1069 1782 quaeque
1087 1714 1170 1781 rogis
1190 1713 1302 1781 Golgos
1410 1712 1413 1717 ’

129 1818 265 1872 quaeque
280 1803 408 1858 ldsllum
429 1803 616 1857 frondosum.
645 1802 703 1856 iam
719 1804 846 1874 Scaliger
865 1804 937 1858 uidit
950 1803 1019 1857 haec
1038 1819 1169 1872 expressa
1189 1818 1249 1856 esse
1269 1820 1302 1857 ex

130 1893 248 1948 Theocr.
266 1891 303 1948 id.
326 1899 371 1958 16,
393 1899 443 1946 100
467 1887 595 1946 δέσποιν’
616 1886 634 1945 ἃ
656 1889 768 1962 Γόλγως
786 1913 815 1947 τε
837 1892 884 1947 καὶ
902 1888 1020 1946 ’ldoilsos
1040 1887 1190 1958 &potatuan
1211 1892 1246 1947 ci.
1265 1892 1301 1946 ad

130 1981 248 2036 XXXVI
273 1987 304 2034 12
330 1984 358 2035 et
383 1986 422 2034 14.
460 1979 525 2034 Ηοι·.
551 1980 594 2035 od.
616 1981 626 2033 l
646 1988 692 2047 30,
720 1987 732 2034 1
757 1998 773 2035 o
798 1981 900 2048 Venus,
924 1982 1020 2050 sepino
1043 1980 1128 2035 Onici
1152 1981 1301 2052 Papirique,

128 2073 202 2127 idem
227 2071 273 2126 od.
299 2069 336 2123 lll
361 2076 407 2136 66,
432 2076 527 2155 ssqq.
555 2102 578 2108 κ’
611 2069 660 2124 es.
689 2070 831 2138 quellbus
859 2071 1010 2126 lncensam
1038 2070 1176 2126 lactastis
1204 2073 1302 2126 monte

129 2161 262 2231 puellam
281 2159 435 2214 fluctibus.
469 2159 619 2228 uirginem,
638 2159 687 2213 ubi
709 2161 792 2213 semel
814 2160 906 2230 ignem
926 2163 1039 2230 pectore
1060 2159 1201 2228 concepit,
1220 2157 1301 2227 quasi

130 2250 298 2319 tempestate
326 2246 442 2301 inmissa
470 2246 631 2302 reddidistis
659 2249 738 2301 aestu
767 2264 852 2302 saeuo
880 2248 1025 2317 agitatam.
1070 2247 1202 2302 ‘fluctus’
1227 2247 1301 2302 enim

131 2338 217 2407 (κῦμα
233 2333 390 2404 Κύπριδος,
409 2336 493 2408 πόθῳ
513 2339 716 2406 sensisseeos:
736 2335 771 2390 ci.
787 2335 920 2391 Dissenus
936 2336 970 2390 ad
986 2335 1096 2391 Pindos.
1112 2356 1139 2406 p.
1155 2342 1218 2406 643)
1237 2338 1303 2391 sunt
1336 2362 1340 2372 ·

129 2445 208 2482 acres
227 2425 432 2481 sollicitudines
451 2424 697 2494 conmoticnesque
716 2424 849 2481 animlet
866 2426 1027 2495 plusquam
1043 2442 1133 2494 curae,
1153 2425 1302 2495 exquibus

130 2515 222 2586 potius
239 2515 391 2585 profluunt:
411 2515 527 2569 Nomas
543 2514 656 2584 Dionys.
671 2513 744 2569 XLII
760 2521 794 2570 68
807 2531 847 2583 sq.
863 2515 911 2568 sot
925 2512 994 2569 νόον
1008 2510 1176 2584 ἄστήρικτοο
1191 2507 1302 2584 dpclsoc

131 2604 186 2674 εἶχε
205 2600 352 2674 θαλάσσῃ,
379 2601 483 2672 κύμασι
503 2601 687 2672 παφλάζοντα
707 2606 924 2674 πολυφλοίσβοιο
943 2605 1078 2674 μερίμνης
1098 2603 1248 2674 (Diltheius
1267 2604 1303 2658 ad

131 2694 240 2747 Gallim.
261 2693 328 2762 Cyd.
349 2712 374 2762 p.
391 2697 449 2762 70);
470 2695 551 2763 Prop.
568 2694 592 2747 ll
612 2700 653 2760 12,
673 2700 687 2748 'l
708 2694 742 2747 de
762 2694 921 2749 amantibus
940 2700 1051 2748 neena
1068 2695 1199 2763 quoniam
1217 2695 1302 2748 tosto·

130 2801 191 2837 mer
209 2786 242 2837 in
260 2784 338 2837 asido
357 2784 403 2852 (de
420 2782 544 2836 iactandi
560 2785 646 2837 uerbo
661 2783 696 2837 cs.
713 2783 783 2837 Ciris
798 2789 849 2837 2⁴1
865 2786 927 2852 sq).
943 2814 977 2823 -
995 2782 1044 2838 98.
1064 2783 1095 2837 la
1115 2783 1195 2838 llsue
1214 2796 1303 2851 saepe

132 2872 251 2941 lrosplte
276 2873 489 2941 snsplrantem.
525 2873 560 2926 cl.
585 2889 669 2942 supra
688 2873 722 2926 ad
744 2890 769 2925 u.
789 2879 823 2926 63
850 2875 878 2926 66
901 2872 935 2926 de
954 2871 1055 2926 Thesei
1074 2871 1150 2925 crine
1169 2871 1303 2926 Senecam

132 2961 249 3016 Phaedr.
269 2966 320 3014 661
341 2963 402 3031 qais
420 2969 476 3016 tum
496 2962 541 3015 ille
564 2962 659 3027 fulsit!
680 2968 838 3030 presserunt
856 2963 943 3016 uittae
966 2977 1082 3027 comam,
1102 2967 1126 3014 et
1145 2977 1195 3015 ora
1212 2963 1304 3029 floreus

131 3058 223 3105 tenera
242 3052 364 3122 tinpebct
382 3053 458 3120 siper
477 3051 536 3118 (ubi
552 3052 663 3119 ‘pudor’
681 3051 759 3105 codd.
780 3051 840 3105 sine
860 3067 956 3104 sensu:
975 3049 1082 3105 correxi
1100 3050 1135 3104 de
1154 3050 1242 3105 comis
1261 3050 1304 3105 in-

133 3139 272 3210 tellegens
296 3140 445 3195 secundum
471 3139 751 3208 86666661666).
791 3139 946 3210 ‘suspirare
970 3139 998 3194 iu
1022 3138 1133 3209 aliquc’
1155 3139 1224 3194 alibi
1248 3155 1304 3193 non

133 3229 279 3284 inuentum
295 3229 409 3295 (dicitur
429 3230 562 3298 ‘aliquem
577 3229 728 3299 suspirarc’
746 3256 779 3275 =
794 3246 844 3300 per
859 3230 978 3301 suspiria
991 3229 1163 3295 desiderare3
1182 3231 1212 3283 66
1225 3228 1305 3284 Ouid.

134 3320 196 3375 last.
216 3321 228 3373 l
249 3326 301 3373 417
320 3321 405 3373 solam
424 3321 546 3388 suspirat
565 3321 595 3372 in
619 3321 696 3373 illum
719 3320 850 3374 testatior
868 3323 911 3374 est
929 3319 1079 3389 scriptura)
1096 3318 1255 3372 defenditur
1273 3336 1306 3372 ex

134 3407 267 3476 analogia
287 3408 458 3462 locutionum
478 3408 563 3473 ‘uri’‚
585 3408 698 3463 ‘ardere
719 3411 744 3462 in
766 3408 876 3478 sliquo’
900 3409 934 3462 de
953 3408 1054 3477 quibus
1073 3407 1107 3461 cl.
1127 3408 1163 3460 sd
1186 3406 1243 3459 lle
1264 3413 1305 3460 97.

135 3498 218 3553 ducta
230 3514 263 3551 ex
274 3498 330 3550 imo
341 3500 454 3565 pectore
465 3501 611 3566 tractaque
622 3499 742 3568 suspiria
752 3498 881 3567 depingit
891 3517 916 3551 u.
928 3497 1104 3566 spondiacus.
1112 3527 1144 3536 -
1154 3496 1203 3549 99.
1214 3510 1306 3563 quan·

135 3588 183 3642 tos
211 3588 269 3642 llla
297 3587 372 3641 tullt
400 3587 556 3654 langueotl
585 3587 675 3642 corde
703 3588 840 3642 timores.
874 3587 940 3640 dum
973 3585 1083 3639 animus
1110 3602 1205 3639 amoro
1233 3585 1305 3638 male

134 3676 264 3731 adiectus
288 3676 412 3746 uigorem
434 3695 512 3730 suurn
537 3677 644 3732 amittit
658 3677 832 3745 tabescitque
851 3676 924 3746 (Vel.
944 3677 1035 3730 Flacc.
1055 3673 1105 3728 Vll
1127 3680 1177 3728 194
1196 3681 1306 3729 mentem

132 3769 318 3835 pessi-supere
337 3765 455 3834 lonpscr
477 3766 590 3835 incipit,
614 3766 685 3821 Ciris
703 3771 755 3819 223
779 3769 876 3833 fessam
901 3767 1032 3835 lanceare
1050 3765 1195 3834 pareliano:
1220 3762 1307 3816 animi

135 3856 239 3909 dicitur
257 3854 370 3909 morbus
390 3871 423 3908 ex
443 3854 573 3922 flagranti
593 3855 731 3910 desiderio
748 3859 838 3925 ortus,
857 3856 905 3924 qui
920 3855 1005 3910 etiam
1020 3853 1179 3924 procreauit
1192 3851 1307 3906 timores
1418 3854 1430 3863 '

134 3944 211 4012 illos;
226 3944 336 3998 scilieet
350 3944 384 3997 de
400 3944 485 3999 uariis
500 3944 631 4013 periculis
646 3945 755 3999 Theseo
770 3949 868 4000 contra
880 3944 1069 3998 Minotaurum
1085 3943 1250 3996 dimicaturo
1265 3943 1305 3995 in·

134 4034 300 4103 pruentibus
326 4033 446 4087 multum
471 4034 623 4088 metuebat.
663 4034 762 4100 ‘tulis’,
782 4051 914 4104 perpessa
932 4036 975 4088 est
993 4033 1052 4086 siue
1072 4031 1166 4085 subiit.
1186 4062 1220 4072 -
1239 4030 1307 4086 199.

134 4125 247 4191 quanto
265 4137 354 4191 saepo
380 4123 476 4189 neuls
499 4123 620 4190 fulgore
645 4124 796 4192 expalluit
818 4123 898 4178 aurl.
937 4123 1053 4191 ‘quanto
1073 4121 1174 4190 magis'
1196 4120 1306 4175 coniun-

133 4228 200 4283 gere
223 4231 285 4266 cum
310 4212 347 4267 sit
370 4213 510 4281 ineptum,
531 4213 653 4280 ‘quanto
677 4215 776 4283 saepe’
803 4217 846 4279 (ut
870 4218 897 4266 et
923 4213 1073 4280 ‘quantum
1098 4210 1207 4280 saepe’,
1232 4210 1306 4279 quod

133 4300 199 4356 ltali
217 4302 345 4369 uoluere)
363 4301 462 4355 reiciat
480 4301 619 4370 latinitas,
640 4307 714 4357 recte
734 4310 762 4357 et
782 4302 931 4356 secundum
948 4301 1030 4356 huius
1049 4299 1103 4356 loci
1119 4298 1213 4362 πάθος
1228 4301 1306 4354 resti·

135 4390 225 4446 tuisse
244 4391 397 4446 censendus
417 4394 460 4445 est
479 4391 601 4446 Faernus
623 4392 724 4458 ‘qnam
743 4392 834 4457 tum’;
860 4390 914 4444 nisi
933 4389 1005 4444 forte
1025 4394 1150 4460 praestat
1169 4391 1242 4459 ‘qua
1259 4391 1305 4446 te’
