2940 4912
147 301 187 363 14
590 294 873 351 raoaasouarn.

144 469 223 539 arte,
248 465 365 524 etiamsi
389 465 485 524 multa
510 463 691 541 perficienda
714 463 901 539 reliquerunt
924 465 991 523 aeui
1015 463 1166 541 Augustei
1188 463 1322 541 uatibus,

144 568 245 623 tamen
268 581 328 623 non
351 562 597 623 contemnendam
625 564 698 621 sunt
719 561 800 620 nacti
828 562 980 638 peritiam,
1004 562 1182 639 praesertim
1205 563 1238 620 in
1261 561 1323 637 epi-

143 661 320 736 grammatis
341 661 531 721 breuioribus
552 661 612 720 iam
631 658 781 735 longioris
794 661 939 736 temporis
955 680 1012 719 usu
1025 662 1100 720 bene
1114 658 1324 726 familiaribus,

232 757 337 834 Neque
352 762 452 819 tamen
468 760 498 817 in
514 757 656 817 faciendis
672 758 791 834 epylliis
806 758 978 835 elegiisque,
993 777 1069 835 quae
1084 759 1142 835 ipsi
1156 758 1187 816 in
1202 757 1323 817 litteras

145 854 255 913 latinas
275 854 452 932 intulerunt,
470 859 501 915 et
519 857 550 914 in
570 856 794 932 epigrammatis
815 874 880 915 sese
894 858 1106 916 continuerunt
1118 854 1189 914 noui
1203 857 1322 930 poetae,

144 951 197 1011 sed
225 951 370 1028 quidquid
400 954 461 1014 iere
492 954 523 1012 in
550 955 607 1013 hoc
636 953 735 1028 poesis
764 971 874 1028 genere
904 955 1097 1030 praeiuerant
1126 950 1324 1012 Alexandrini

144 1049 288 1124 uariaque
311 1054 409 1111 metra
431 1053 470 1111 ab
494 1053 537 1110 eis
558 1051 622 1111 siue
645 1051 762 1109 exculta
782 1051 846 1110 siue
865 1054 895 1111 in
915 1052 1084 1113 enchiridiis
1104 1055 1321 1112 tractatarum

143 1145 266 1206 meliore
290 1166 380 1224 quarn
410 1170 468 1228 quo
492 1150 625 1210 Laeuius
654 1168 726 1209 usus
756 1154 822 1209 erat
845 1151 962 1210 delectu
993 1151 1049 1210 sibi
1077 1150 1320 1226 adsumpserunt

144 1244 375 1320 galliamborum
409 1248 631 1307 uolubilitatem
667 1246 894 1323 agilitatemque
927 1247 1102 1308 difficillimo
1136 1248 1168 1307 iu
1200 1247 1323 1324 linguae

146 1340 259 1401 latinae
281 1342 393 1404 duritie
416 1347 619 1422 tarditateque
648 1348 787 1419 suscepto
811 1345 956 1404 aemulari
979 1346 1116 1405 certatim
1140 1339 1260 1426 (comm.
1283 1342 1320 1403 ad

147 1435 212 1498 Cat.
228 1437 328 1498 LXIII
342 1441 373 1499 in
387 1438 459 1522 fine)
476 1442 612 1520 adgressi
631 1444 702 1500 sunt
719 1459 787 1499 cum
806 1447 917 1501 euentu
935 1443 1143 1520 pulcherrimo.
1175 1461 1264 1518 porro
1282 1440 1322 1500 ab

145 1535 357 1597 Alexandrinis
380 1540 511 1599 mutuati
534 1542 606 1600 sunt
624 1538 778 1597 trimetros
798 1538 941 1601 iambicos
965 1559 1055 1617 puros
1079 1559 1133 1617 per
1156 1540 1323 1617 longiorem

145 1633 253 1692 seriem
286 1636 489 1711 continuatos,
518 1636 628 1712 quibus
657 1638 775 1695 ueteres
804 1635 911 1697 Graeci
938 1657 998 1697 uon
1027 1637 1205 1712 utebantur,
1234 1639 1265 1695 et
1291 1636 1323 1695 in

145 1731 270 1790 senariis
301 1734 479 1810 uulgaribus
508 1739 539 1794 et
567 1734 744 1810 septenariis
777 1720 942 1794 seueriores
971 1753 1091 1795 normas
1119 1732 1324 1792 adhibuerunt

149 1848 238 1905 quam
261 1830 370 1906 quibus
399 1831 525 1891 scaenici
553 1850 673 1907 operam
697 1836 852 1891 nauarent.
898 1851 952 1892 uec
978 1834 1150 1892 trimetrum
1173 1829 1323 1907 claudum,

150 1927 403 2002 Hipponacteum,
432 1933 582 2005 receptum
612 1930 671 1988 iam
699 1931 737 1989 ab
766 1929 859 1988 Matio
887 1929 1040 2006 dedignati
1067 1934 1145 1990 sunt
1193 1928 1323 1988 Alexan·

145 2023 240 2082 drinis
259 2024 387 2101 denique
408 2027 558 2086 debebant
580 2027 649 2085 noui
667 2029 773 2101 poetae
798 2045 919 2085 uersum
942 2027 1116 2103 Priapeum,
1139 2029 1171 2086 in
1195 2027 1250 2087 hoc
1273 2018 1325 2106 (ut

145 2120 174 2177 in
199 2121 266 2179 aliis
291 2122 371 2181 haud
394 2114 477 2204 raro)
501 2123 663 2199 magistros
688 2126 864 2199 superantes
887 2124 1065 2184 austeritate
1087 2123 1247 2183 tractandi.

237 2218 448 2295 Cognouersnt
467 2241 502 2279 ex
518 2221 689 2281 euchiridiis
705 2221 736 2280 οἱ
752 2215 887 2298 νεώτεροι
906 2222 996 2281 etiam
1012 2221 1194 2280 Graecorum
1210 2220 1321 2296 prisco·

146 2336 222 2393 rum,
233 2316 371 2394 Sapphus
384 2319 485 2379 Alcaei
497 2317 668 2378 Archilochi
680 2317 877 2378 Anacreontis
891 2320 1085 2395 aliorumque,
1100 2323 1200 2378 metra
1214 2318 1323 2395 lyrica3

146 2419 177 2474 et
199 2414 350 2491 fugientes
369 2436 476 2476 uersus
496 2417 534 2476 ob
553 2416 734 2476 breuitatem
753 2416 840 2475 nimis
864 2417 1008 2490 ludicros,
1027 2415 1135 2492 quibus
1154 2417 1324 2475 indulserat

147 2511 285 2586 Laeuius,
306 2532 342 2571 ex
366 2514 412 2574 hia
433 2515 588 2591 elegerunt
608 2514 765 2573 senissimo
785 2533 851 2574 cum
870 2513 978 2575 iudicio
997 2532 1048 2590 ea,
1065 2531 1142 2589 quaa
1161 2513 1324 2573 conuenire

146 2610 273 2667 maxime
301 2611 423 2687 linguae
452 2611 566 2687 patriae
596 2610 750 2670 uidebant:
782 2613 926 2687 strophen
949 2630 1024 2688 quae
1053 2610 1171 2687 proprie
1194 2615 1324 2669 uocatur

147 2705 324 2781 Sapphioam
350 2701 428 2787 (Cat
453 2704 521 2786 LI),
551 2726 657 2766 uersus
686 2708 900 2769 choriambicoa
924 2702 1141 2790 (asclepiadeos
1166 2703 1323 2788 maiores),

145 2804 307 2881 glyconeos
331 2809 362 2863 et
384 2806 593 2880 pherecrateos
616 2806 648 2863 in
667 2808 802 2880 systema
825 2807 1010 2883 coniunctos,
1034 2807 1160 2883 denique
1180 2806 1231 2883 qui
1249 2824 1323 2882 prae

146 2903 254 2961 ceteris
269 2907 339 2960 sunt
353 2901 526 2961 nominandi
539 2895 669 2979 (nullum
684 2902 792 2977 quippe
808 2906 936 2961 metrum
952 2912 983 2964 et
996 2905 1112 2963 felicius
1128 2902 1321 2979 adsumptum

146 3002 178 3058 et
200 3004 305 3074 postea
328 3000 424 3078 magis
447 3001 479 3058 in
502 2999 617 3057 deliciis
643 2993 722 3078 erat)
746 2994 1059 3083 hendecasyllabos*).
1104 3003 1178 3061 haec
1201 3019 1320 3077 quoque

217 3177 242 3245 *)
268 3178 340 3234 falso
364 3178 450 3248 mrlgo
473 3178 574 3248 putant
596 3175 652 3230 iam
677 3179 742 3230 ante
766 3180 895 3231 cantores
920 3177 1108 3247 Euphorionis
1133 3177 1267 3232 Laeuium
1292 3181 1324 3233 et

148 3258 300 3312 Varronem
310 3275 374 3313 usos
391 3275 451 3313 esee
461 3255 711 3324 hendecasyllabis.
738 3257 772 3310 dc
784 3256 905 3311 Varmne
916 3257 1193 3327 poeteauidebimua.
1219 3257 1324 3328 legitur

146 3338 221 3407 apud
240 3338 413 3393 Macrobium
429 3339 439 3391 l
457 3343 498 3404 18,
516 3343 547 3391 16
567 3337 650 3391 Liber
664 3354 681 3388 α
700 3336 830 3391 Romanis
844 3339 1009 3405 appellatur,
1024 3339 1097 3407 quod
1112 3339 1180 3393 liber
1194 3344 1218 3392 ct
1232 3354 1325 3407 uagas

147 3424 199 3483 cst,
220 3426 251 3473 ut
270 3420 311 3474 aa
329 3419 470 3473 Neratius:

449 3499 513 3552 lluc
530 3515 587 3568 gau
604 3499 644 3552 ool
663 3514 752 3566 uagus
770 3499 865 3567 iginus
882 3498 1002 3552 haberem

452 3579 581 3633 lmnsittit
595 3581 715 3648 propius
733 3580 863 3647 tegatque
881 3584 977 3633 terrac.

150 3657 297 3711 ‘Naeuius'
319 3658 445 3727 Scaliger
463 3658 585 3713 correxit
603 3659 631 3712 in
652 3658 806 3713 ‘Laeuius’.
840 3659 889 3712 sed
909 3659 1065 3729 exemplum
1080 3657 1172 3728 ipsum
1185 3674 1323 3727 perquam

148 3737 374 3807 inopportunum,
390 3737 533 3807 elegantia
548 3755 676 3792 uersuum
692 3754 778 3808 supra
791 3738 888 3794 Laeuii
903 3740 1065 3810 inplicatam
1082 3738 1222 3805 duritiem,
1241 3739 1321 3809 ‘que’

145 3818 293 3871 traiectum
313 3820 461 3886 (quantum
480 3819 604 3889 uidetur)
623 3819 659 3874 ab
678 3820 737 3873 eius
757 3825 882 3890 tenmore
901 3820 1022 3874 alienum
1043 3824 1091 3873 est
1124 3822 1233 3873 certum
1253 3822 1323 3888 puto

145 3913 237 3951 meum
263 3897 429 3965 remedium,
458 3917 512 3966 quo
540 3900 671 3954 lacunam
696 3904 788 3954 statuo
812 3899 851 3954 sic
871 3899 927 3954 lere
954 3898 1118 3968 explendam
1137 3904 1169 3953 at
1186 3899 1228 3953 cit
1246 3898 1322 3953 lt'ue·

143 3978 224 4031 scires:
246 3976 354 4049 (libera
373 3979 470 4047 lingue
489 3980 633 4049 laqueemur
652 3982 726 4036 ludis
744 3981 936 4041 Liberalibus.-
955 3986 979 4035 et
999 3978 1096 4049 nm>
1112 3979 1165 4034 tce
1186 3996 1243 4049 gua
1261 3996 1321 4050 eqa.

145 4056 287 4112 intercidit
311 4077 366 4113 uua
389 4076 451 4113 oum
476 4066 542 4114 noto
567 4060 668 4115 Naeuii
691 4079 774 4115 uersu
798 4066 886 4130 (com.
913 4066 963 4115 ns
978 4059 1039 4115 llil.
1062 4076 1119 4127 quo
1142 4059 1183 4113 nil
1206 4060 1253 4114 hic
1276 4068 1323 4115 eat

144 4137 251 4206 aptius,
271 4155 371 4193 nomen
391 4139 451 4194 eius
470 4141 548 4194 cuius
572 4149 637 4196 sunt
661 4142 896 4210 hendecasyllabi.
934 4142 962 4193 in
981 4139 1081 4207 quibus
1101 4140 1250 4209 ‘propius'
1272 4158 1319 4196 ce·

144 4215 239 4272 haeret
260 4236 323 4273 curn
344 4220 458 4274 ‘terrae'
479 4224 508 4274 et
527 4239 577 4290 pro
592 4223 688 4291 inepto
708 4222 757 4277 illo
774 4220 931 4291 ‘irruetque'
949 4219 1136 4289 miserendum
1151 4226 1194 4274 cet
1215 4221 1319 4277 ‘uolat-

144 4297 219 4365 que’.
256 4298 375 4354 tortasse
399 4304 464 4354 aunt
487 4318 581 4357 uersus
600 4303 718 4371 Cinnae,
737 4310 765 4358 et
788 4320 806 4356 a
826 4297 979 4354 ‘Naeuius‘
1001 4297 1037 4349 sd
1058 4296 1209 4352 'lleluiua'
1230 4302 1323 4358 oculis

144 4377 287 4433 aberrauit
307 4379 443 4434 librarius.
