2940 4912
637 314 658 368 1.
678 323 754 371 1-s.
1215 317 1281 384 253

106 495 142 534 ex
155 481 234 549 parte
248 475 446 533 adumbratam
460 492 521 531 esse
535 476 572 531 ab
586 476 718 548 Helbigio
733 476 908 533 adsentiente
920 476 1066 533 Schwabio
1078 478 1116 549 [q.
1125 477 1153 533 C.
1165 497 1191 549 p.
1208 480 1281 551 12η,

108 566 272 623 Ciceronem
291 563 367 620 enim
386 567 481 621 statuo
499 568 634 621 autumno
653 583 678 623 a.
698 572 732 621 56
751 565 892 621 Veronam
916 567 975 621 siue
995 567 1161 622 Sirmionem
1180 570 1283 623 oratio-

107 673 173 711 nem
191 672 241 727 pro
259 654 297 710 hi.
313 654 409 710 Caelio
423 653 497 711 Rufa
516 671 611 710 mense
625 655 727 710 Martio
746 654 871 710 eiusdem
891 655 957 710 anni
976 656 1101 710 habitam
1120 653 1228 712 misisse
1247 657 1283 710 ad

109 745 253 801 Catullum
275 762 291 800 e
310 743 446 815 Bithynia
467 760 618 799 reuersum.
655 744 727 799 hauc
751 744 905 800 orationem
931 747 1016 816 poeta
1041 743 1155 800 uixdum
1179 745 1216 799 ad
1234 744 1283 799 ho·

107 849 174 889 uam
193 836 315 890 mentem
334 833 465 888 reductus
484 834 654 902 senatusque
675 851 710 889 er
728 835 844 890 uulnere
862 835 891 889 in
912 849 1007 888 amore
1027 831 1144 889 Lesbiae
1166 836 1282 904 accepto

108 941 166 978 non
184 922 279 994 potuit
300 939 357 978 non
381 922 475 991 legere
494 921 587 977 auimo
614 924 644 977 et
667 924 808 978 commoto
831 923 922 977 denuo
946 925 1094 977 ettamen
1116 924 1205 993 grato.
1242 923 1284 978 ita

109 1014 186 1069 euim
204 1011 301 1068 Cicero
320 1008 436 1066 Clodiae
454 1010 543 1066 uitam
562 1010 743 1067 libidinosam
762 1012 960 1082 descripserat,
984 1013 1017 1066 ut
1038 1015 1133 1067 tamen
1155 1013 1284 1082 parceret

80 1173 89 1182 .
108 1101 280 1158 nominando
300 1099 327 1155 ei
345 1099 421 1155 illius
441 1101 574 1169 amatori,
598 1117 681 1170 quem
701 1119 810 1156 summo
834 1101 930 1156 dolore
953 1100 1092 1156 affecisset
1109 1102 1210 1156 mulier
1228 1101 1284 1156 ista

109 1207 248 1262 quemque
266 1192 300 1246 ut
316 1189 494 1246 notissimum
513 1191 596 1246 huius
614 1195 771 1247 amatorem
787 1189 910 1246 omnium
924 1191 1031 1246 Romae
1051 1208 1192 1247 sermones
1213 1190 1283 1246 cele-

107 1283 230 1338 brarent.
273 1279 374 1336 habuit
398 1282 492 1337 hercle
518 1281 659 1352 Catullus,
685 1300 734 1338 cur
760 1281 854 1337 Tullio
880 1280 962 1335 huius
987 1280 1150 1337 reticentiae
1176 1279 1284 1352 gratias

109 1373 208 1442 ageret
221 1369 487 1439 maximasrhabuit
501 1370 595 1439 etiam,
605 1389 655 1426 cur
668 1372 861 1440 admiraretur,
872 1369 1009 1441 quidquid
1025 1371 1113 1426 sensit
1127 1370 1161 1426 de
1176 1370 1284 1441 optimo

109 1475 212 1531 genere
231 1458 357 1527 dicendi,
375 1459 567 1527 eloquentiam
582 1460 806 1528 Ciceronianam,
827 1478 900 1530 quaa
918 1463 969 1515 aut
986 1476 1031 1514 me
1048 1460 1124 1514 fallit
1137 1457 1284 1515 Caelianae

109 1567 191 1605 amor
204 1552 254 1604 aut
267 1549 296 1604 in
309 1548 364 1603 hac
378 1549 483 1604 eminet
497 1552 526 1604 et
539 1549 687 1621 purissime
704 1552 733 1606 et
747 1548 982 1621 splendidissime.
1011 1566 1176 1620 comparans
1190 1551 1284 1604 autem

110 1642 206 1694 mente
228 1638 286 1694 iam
308 1638 421 1709 integra
445 1640 595 1709 ieiunaque
619 1637 773 1711 imaginem
790 1639 922 1709 Lesbiae,
946 1656 1031 1708 quam
1053 1639 1113 1709 ipse
1137 1639 1205 1695 olim
1230 1637 1285 1693 sibi

109 1729 229 1784 linmrat
251 1728 471 1797 exhibueratque
495 1729 578 1784 nimis
601 1730 743 1798 ornatam,
771 1746 835 1783 cum
864 1745 899 1784 ea
921 1747 1005 1798 quam
1028 1729 1156 1799 depinxit
1178 1727 1284 1795 Cicero,
1368 1741 1382 1767 ⁰

109 1819 212 1874 rubore
235 1817 364 1889 perfusus
387 1818 441 1873 sibi
464 1819 605 1888 professus
628 1820 673 1875 est
697 1821 770 1889 quod
794 1821 894 1889 postea
917 1819 947 1873 in
965 1819 1051 1874 simili
1073 1835 1103 1872 re
1121 1817 1284 1887 Propertius

109 1906 219 1979 [1111
233 1907 263 1980 4]
283 1909 559 1979 1111111111111111
577 1916 602 1965 tc
615 1910 704 1980 pudet
721 1925 775 1965 esse
793 1910 870 1977 111111,
889 1908 984 1964 taedio
1003 1909 1094 1964 uictus
1113 1908 1235 1964 feminae
1254 1925 1284 1962 se

109 1998 205 2068 iprum
223 2000 256 2052 ut
272 1999 420 2067 poetarum
438 1997 592 2067 pessimum
612 1997 794 2069 significauit,
819 1999 924 2066 quanto
944 1998 1035 2068 magis
1053 1997 1106 2053 eibi
1126 1997 1285 2068 detrahens,

109 2087 193 2141 esna
210 2085 302 2157 magis
320 2087 357 2142 ad
375 2086 464 2142 iustas
483 2090 512 2143 et
530 2087 638 2158 gratias
662 2090 690 2142 et
713 2087 810 2142 laudes
829 2086 970 2143 Ciceronis
989 2087 1147 2155 conferens3
1168 2088 1197 2142 et
1216 2086 1286 2142 fecit

111 2176 181 2246 hoc,
200 2179 232 2232 ut
250 2178 293 2231 est
310 2175 340 2230 iu
359 2176 448 2231 sensis
467 2176 649 2246 declarandis,
661 2176 777 2248 nimius,
796 2175 883 2233 nimio
902 2177 993 2232 modo.

182 2445 397 2518 111111101ηο,
416 2445 531 2518 aloini,
550 2446 599 2501 dle
618 2445 721 2502 ollosl.
750 2446 853 2503 dicitur
872 2448 901 2503 C.
917 2444 1044 2500 Licinius
1058 2443 1171 2514 Caluus,
1190 2448 1285 2501 orator

114 2534 147 2588 et
163 2535 250 2603 poeta
267 2533 469 2603 nobilissimus,
488 2536 523 2590 de
542 2551 598 2605 quo
616 2534 651 2589 cf.
671 2535 707 2589 ad
726 2534 791 2588 XIV
810 2541 834 2590 2.
872 2552 935 2591 cum
953 2535 1007 2588 hoc
1022 2534 1111 2589 amico
1126 2534 1287 2591 dulcissimo

111 2623 253 2694 Catullus,
271 2624 411 2679 incertum
430 2641 485 2694 quo
505 2625 579 2692 loco,
605 2624 734 2679 hilariter
751 2626 826 2680 inter
843 2624 995 2679 bibendum
1015 2624 1285 2694 uersilicaudumque

111 2713 236 2784 degerat.
273 2713 349 2769 illius
369 2714 451 2769 ‘heri’
473 2714 759 2784 circumscriptionem
778 2715 854 2770 haud
873 2731 963 2768 raram
979 2713 1046 2782 (Cic.
1063 2713 1145 2768 Catil.
1165 2712 1242 2780 1112,
1257 2715 1284 2782 ὁ)

111 2802 236 2857 ostendit
253 2805 338 2858 etiam
357 2803 485 2859 aduerbii
504 2804 565 2858 loco
585 2804 719 2859 usitatum
740 2803 894 2859 ‘hesterno'
915 2802 1033 2872 (Charis.
1054 2821 1080 2873 p.
1099 2809 1160 2872 200,
1179 2808 1213 2857 20
1232 2804 1285 2872 K.).

113 2891 195 2960 ‘die’,
213 2894 248 2948 de
266 2893 344 2949 uocis
362 2893 501 2948 iambicae
520 2892 636 2948 elisione
657 2893 691 2948 oi.
707 2894 820 2949 Lachm.
836 2892 966 2949 11οΙ11111.
982 2911 1008 2962 p.
1029 2898 1077 2946 198
1093 2911 1134 2962 sq.
1169 2893 1286 2960 ‘otiosi’,

113 2980 140 3034 X
158 2987 183 3038 2,
203 3012 235 3023 -
254 2982 284 3038 2.
306 2983 435 3038 multum
455 2982 582 3038 luslmus
601 2983 632 3037 lu
652 2983 727 3038 mels
747 2982 881 3038 tabellis.
920 2981 1050 3052 ‘ludere',
1069 2982 1143 3037 fetus
1161 2983 1287 3052 poeticos

113 3088 148 3124 ex
166 3075 291 3142 tempore
310 3071 424 3127 fundere
444 3071 504 3126 sine
523 3087 588 3127 cura
607 3070 689 3126 anxia
708 3072 833 3142 poliendi
848 3071 1042 3142 indulgentem
1056 3071 1182 3143 ingenim
1204 3072 1286 3142 Verg.

112 3160 164 3214 ecl.
186 3168 199 3214 1
218 3168 259 3230 10,
277 3162 344 3216 lior.
359 3162 403 3216 od.
418 3161 430 3214 l
445 3167 487 3230 02,
507 3166 532 3228 2,
552 3160 634 3227 alibi;
653 3161 773 3216 maxime
793 3161 827 3215 de
846 3162 890 3216 his
909 3160 1024 3216 minutis
1039 3161 1196 3232 poematiis,
1216 3179 1287 3231 quae

112 3267 202 3320 nugas
212 3249 388 3320 ineptiasque
398 3268 499 3305 uocare
509 3250 637 3305 solebant
647 3250 693 3320 (ad
704 3249 784 3306 Corn.
795 3253 833 3320 4),
842 3250 979 3307 usitatum
991 3254 1041 3320 est,
1052 3253 1286 3321 quemadmodum

113 3338 194 3394 use.
220 3340 363 3409 111111
390 3339 593 3410 epigrammata
616 3342 692 3397 11111
716 3343 841 3410 11111111
866 3343 963 3407 111111
987 3325 1021 3396 ci.
1048 3346 1076 3397 11
1100 3340 1234 3395 uruma
1255 3347 1285 3394 11

114 3430 201 3484 asan
214 3432 283 3485 satie
297 3432 359 3486 lari.
389 3431 532 3486 ‘tabellas’
549 3430 682 3500 intellege
697 3430 850 3500 pugillares
865 3430 912 3501 (ad
928 3429 1005 3484 Xllll
1020 3438 1045 3498 0,
1061 3430 1157 3485 Festus
1171 3450 1197 3500 p.
1214 3435 1286 3499 359),

112 3518 233 3590 inques
252 3520 429 3576 coniciebant
450 3521 502 3576 hus
526 3520 602 3575 lusus
627 3519 741 3590 ingenii.
779 3521 880 3575 mirum
904 3521 947 3575 est
965 3524 1060 3575 autem
1084 3518 1153 3573 illud
1175 3518 1287 3574 ‘meis’.

79 3622 85 3631 ’
112 3625 149 3664 ex
166 3627 193 3665 u
215 3614 230 3664 '1
256 3609 349 3665 ‘illinc
372 3610 445 3664 abii’
472 3610 617 3678 discimus,
641 3627 697 3664 non
720 3611 795 3679 apud
820 3610 976 3679 Catullum,
999 3610 1047 3663 sed
1072 3609 1131 3663 siue
1154 3610 1182 3664 in
1207 3607 1287 3664 Calui

113 3700 198 3755 domo
216 3701 274 3754 siue
293 3698 323 3753 in
342 3701 459 3755 taberna
477 3701 573 3770 aliqua
591 3701 696 3756 amicos
715 3702 798 3756 simul
817 3701 910 3756 fuisse.
947 3701 1002 3755 iam
1021 3699 1151 3754 solebant
1169 3699 1287 3755 Romam

112 3788 164 3844 hos
187 3790 341 3860 pugillares
366 3807 459 3846 secum
485 3794 597 3861 portare
622 3789 710 3859 (XXV
731 3794 770 3860 7);
795 3791 881 3859 unde,
908 3792 931 3844 si
959 3792 1077 3845 metrum
1104 3790 1288 3859 permitteret,

112 3879 311 3950 requirendum
331 3882 406 3936 esset
426 3881 465 3934 ‘in
490 3880 594 3935 nostris
613 3880 748 3934 tabellis'.
785 3879 851 3935 hinc
872 3879 1027 3936 Sabellicus
1048 3879 1139 3951 [Grut.
1159 3880 1255 3949 Lamp.
1276 3880 1287 3932 l

113 3989 142 4039 p.
164 3969 227 4041 164]
256 3969 405 4040 proposuit
433 3969 570 4025 ‘inuicem
596 3968 731 4038 libellis’,
761 3971 814 4024 hoc
846 3970 966 4025 alterum
1001 3969 1113 4039 quidem
1141 3968 1286 4038 superflue.

113 4059 278 4115 schnbius
299 4061 396 4114 contra
416 4060 564 4114 scribendo
587 4059 630 4112 ‘iu
649 4059 722 4114 tucis
742 4059 869 4114 tabellis’
892 4061 984 4114 locum
1008 4059 1115 4114 restitui
1138 4073 1219 4126 posse
1238 4073 1287 4124 pu·

112 4149 193 4204 tauit
223 4147 311 4203 altius
327 4147 437 4205 uidetur
451 4149 566 4204 haerere
582 4149 692 4216 uulnus,
706 4149 845 4218 siquidem
864 4148 934 4203 illud
955 4147 1055 4203 ‘illinc'
1077 4145 1146 4201 certi
1165 4145 1220 4200 loci
1239 4164 1287 4201 no-

112 4237 219 4294 tionem
234 4236 386 4295 desiderat.
418 4237 564 4293 ‘tabernis’
582 4239 677 4308 potest
691 4238 791 4304 latere3
812 4237 860 4292 sed
882 4237 973 4292 ‘meis’
996 4236 1142 4291 emendare
1162 4235 1288 4293 nesciens

111 4329 182 4384 nihil
197 4328 327 4385 decerno.
344 4360 375 4369 -
392 4330 421 4384 0.
441 4332 475 4384 ut
494 4326 680 4384 conuenerat
698 4341 763 4382 esse
779 4327 937 4383 delicatos.
966 4326 1201 4396 quemadmodum
1216 4327 1289 4383 inter

110 4435 161 4475 nos
180 4417 418 4474 constitueramus
437 4419 512 4474 totos
532 4434 583 4473 nos
598 4415 699 4471 dedere
716 4416 787 4472 lusui
802 4415 966 4485 deliciisque
982 4416 1029 4485 (ad
1045 4416 1122 4471 XVll
1139 4421 1195 4487 lt);
1215 4416 1288 4473 male
