2940 4912
144 308 210 372 210
641 308 757 364 xxxvl
778 316 819 366 ιο,

82 523 85 527 ,
143 465 273 538 Ἀλκμᾶνι
291 469 432 537 πολλαχοῦ
453 465 664 538 εὑρίσκομεν...
693 466 746 538 τὴν
765 468 796 524 δὲ
818 465 979 538 Ἀφροδίτην
998 465 1116 538 Κύπρου
1134 469 1242 523 Κνίδου
1261 471 1320 523 Σο·

144 560 206 625 ρίας
231 553 409 626 πολλαχόθεν
436 553 582 612 ἀνακαλεῖ.
620 558 654 611 cf.
679 561 708 613 ei
731 576 773 613 ex.
792 577 832 628 gr.
857 558 923 613 Hor.
949 558 994 612 od.
1019 558 1031 610 I
1055 564 1103 625 21,
1127 565 1219 627 deqq.
1256 557 1323 611 loca

144 650 238 701 autem
259 663 275 699 a
294 644 408 716 templis
427 645 466 700 ibi
486 645 655 701 consecratis
674 647 737 716 ipsa
756 646 874 701 audiunt
894 647 1026 715 ‘aancla',
1046 649 1078 701 ni
1094 646 1177 716 Verg.
1194 648 1262 702 Aen.
1283 646 1322 699 XI

145 741 196 791 785
215 737 305 790 οοοολὶ
323 740 412 789 catalos
431 734 554 790 Soractia
573 737 687 805 Apollo;
707 736 793 790 LXIV
814 741 874 790 228.
908 736 1039 804 Idalium,
1058 732 1090 790 τὸ
1107 731 1227 790 'Idalion
1246 730 1323 802 ὄρος,

145 822 229 894 Cypri
248 825 472 894 promunturium
498 823 660 880 frondosum
680 824 778 894 (LXIV
798 832 849 893 96,
867 825 950 894 Verg.
971 825 1039 881 Aen.
1057 826 1071 879 I
1090 830 1141 879 692
1161 825 1231 879 ολλοο
1250 825 1320 879 Ida·

144 914 198 967 lioe
216 914 309 981 lucos),
329 913 357 966 in
376 913 455 967 cuius
475 913 619 968 cacumine
644 914 858 969 celeberrimum
882 919 943 970 erat
966 916 1035 969 deae
1060 915 1210 984 templum,
1234 929 1322 983 quam

145 1020 177 1056 ex
197 1004 282 1070 ponto
302 1005 391 1056 oriam
413 1002 505 1071 Cypro
527 1002 621 1058 ferunt
644 1003 757 1058 fabulae
778 1003 904 1078 adnaese.
934 1005 967 1060 cl.
987 1003 1049 1058 LXI
1067 1009 1109 1069 17,
1128 1002 1211 1071 Verg.
1231 1002 1322 1072 epigr.

146 1099 192 1157 14,
212 1097 228 1144 2
252 1092 324 1145 sedes
349 1108 418 1160 quoe
444 1092 509 1145 colia
534 1092 652 1147 Idaliae.
696 1092 770 1161 quod
797 1093 896 1148 deinde
921 1094 945 1149 V
969 1092 1058 1147 tradit
1081 1091 1226 1161 ‘urinaque
1249 1090 1323 1160 (eine

146 1180 335 1249 ‘uiriosqne’)
354 1181 493 1250 apertoa',
514 1179 592 1234 Italis
611 1181 746 1236 iudicium
766 1181 908 1237 continere
928 1180 1078 1236 uidebatur
1096 1181 1156 1235 eiua
1175 1180 1266 1246 sinus,
1286 1181 1323 1235 de

145 1287 200 1338 quo
219 1270 294 1323 Mela
307 1269 333 1321 II
349 1276 373 1335 4,
390 1275 423 1323 66
441 1271 520 1324 sinuo
538 1277 577 1325 eet
595 1271 688 1339 inquit
706 1273 836 1325 coeliano
851 1271 945 1340 Apulo
960 1272 1038 1326 litore
1056 1272 1194 1325 iacinctus
1211 1270 1322 1323 aeneiae

149 1357 244 1424 Uriae,
263 1359 384 1412 acedieris
402 1362 505 1429 spelm,
523 1362 652 1429 pleraque
670 1377 750 1429 caper·
769 1376 889 1426 accesere,
914 1366 993 1414 cetra
1015 1359 1162 1428 Sipontum
1182 1401 1205 1414 ..
1226 1363 1251 1412 et
1268 1360 1321 1426 fla·

144 1463 218 1512 inca,
240 1447 313 1516 qaod
333 1445 483 1502 Corticaium
506 1450 653 1520 adtiapene
676 1449 808 1515 Aufidum
831 1450 986 1517 adpellual;
1010 1450 1073 1503 erat
1095 1443 1198 1508 κόλπος
1215 1441 1323 1514 Ἀδρίας

147 1534 210 1603 ille,
233 1535 268 1590 ad
288 1553 370 1604 quem
389 1537 507 1594 Ptolem.
528 1538 566 1592 ΙΙΙ
587 1546 614 1607 1,
637 1545 668 1593 17
693 1537 791 1592 urbem
808 1531 906 1605 “Terea
932 1543 959 1605 (e
982 1537 1096 1607 regione
1116 1536 1260 1590 Diomedis
1279 1536 1323 1589 in·

145 1623 281 1693 cularum)
301 1625 384 1680 eitam
404 1642 465 1681 ecee
483 1627 558 1695 uult,
577 1644 648 1696 quae
667 1629 703 1682 ab
722 1626 786 1682 aliie
801 1630 919 1681 uocatur
934 1621 1056 1694 Οὔρειον
1070 1624 1173 1695 (Sirab.
1191 1626 1226 1679 Vl
1242 1632 1267 1691 3,
1284 1631 1321 1692 9).

96 1739 99 1744 ·
145 1730 315 1782 quamquam
339 1715 430 1770 Melae
453 1715 547 1770 uerbis
574 1733 653 1786 ceper
678 1733 787 1773 accersa
811 1715 888 1770 nullo
916 1714 1000 1769 modo
1025 1713 1158 1769 conuenit
1182 1731 1246 1769 cum
1271 1713 1323 1769 illo

147 1804 296 1872 ‘apertos'3
316 1806 345 1857 ct
363 1806 509 1873 praeterea
529 1806 657 1875 ignotum
676 1809 718 1860 eet
736 1805 828 1874 plane,
852 1822 908 1873 qna
927 1822 955 1858 re
976 1803 1021 1857 hie
1040 1802 1117 1857 cinae
1138 1803 1217 1858 Uriae
1236 1787 1323 1857 suerii

147 1892 251 1947 nobilis
272 1894 301 1946 ei
324 1908 380 1960 quo
398 1893 483 1947 modo
508 1895 544 1948 ad
562 1893 679 1950 Veneris
702 1894 808 1949 cultum
828 1892 1003 1962 pertinuerit.
1041 1909 1105 1946 nam
1125 1892 1160 1946 ad
1181 1890 1263 1946 Urioe
1281 1891 1322 1945 nil

146 1981 252 2036 attinet
269 1985 391 2036 castrum
411 1981 553 2039 Mineruae
573 1984 631 2039 siue
651 1985 751 2038 Potius
768 1982 882 2037 Veneria
901 1981 952 2036 sub
971 1981 1117 2050 Hydrunte
1136 1981 1254 2052 positus,
1272 1980 1322 2034 ubi

147 2068 256 2123 Aeneas
277 2070 387 2124 ltaliam
410 2071 520 2140 appulit
538 2072 629 2138 (Dion.
649 2072 738 2126 Halic.
758 2072 770 2124 I
790 2078 844 2140 51).
881 2069 930 2123 sed
949 2069 1031 2123 huius
1051 2068 1107 2124 loci
1125 2068 1192 2123 dum
1212 2087 1322 2125 meeum

144 2159 288 2228 perpendo
307 2163 437 2213 naturam
456 2159 665 2228 consideroque,
685 2177 768 2229 qnam
788 2176 853 2214 uere
872 2157 920 2212 hic
939 2158 1072 2228 ‘apertur'
1088 2158 1204 2211 uocetur
1222 2158 1323 2226 (leumi-

146 2248 197 2301 lcm
211 2247 281 2301 dicit
294 2246 378 2316 Verg.
393 2249 461 2303 Aen.
477 2248 515 2301 lll
530 2253 593 2317 522)
608 2252 736 2317 olquam
751 2247 862 2318 egregie
878 2246 954 2302 idem
968 2246 997 2300 in
1012 2245 1127 2302 Veneria
1142 2244 1323 2300 inuocatione

146 2336 316 2405 proferatur,
345 2335 468 2417 suspicio
492 2338 633 2406 cetaria,
659 2354 725 2390 num
749 2337 821 2390 forte
848 2335 937 2390 lateat
964 2334 1156 2403 ‘Hudm'oaque
1181 2335 1322 2404 apertoe’.

146 2441 315 2494 quamquam
336 2444 402 2480 num
422 2426 531 2496 possint
551 2425 684 2495 ‘Hydrii'
705 2426 761 2481 dici
782 2428 872 2480 terrae
893 2423 1085 2492 Hydruniinae
1104 2421 1212 2478 incolae
1231 2423 1259 2477 iu
1279 2421 1320 2476 in·

146 2517 222 2569 corio
246 2514 460 2584 relinquendum
485 2517 530 2569 eei
552 2515 630 2569 mihi.
668 2515 786 2570 aliorum
812 2513 989 2569 coniecturae
1014 2513 1043 2566 in
1066 2512 1129 2566 loco
1154 2510 1323 2566 difficillimo

146 2606 210 2657 sunt
230 2603 329 2657 haece:
350 2603 499 2673 ‘Uriosque
515 2606 622 2674 portus’
639 2603 770 2658 Heinsius
786 2602 876 2658 uoluit
889 2619 944 2657 non
960 2600 1043 2670 malo,
1061 2603 1156 2656 tamen
1172 2601 1207 2655 ob
1222 2617 1323 2655 caum

146 2692 289 2760 expositae
304 2692 388 2747 dubio
404 2694 486 2748 ualde
505 2696 674 2760 commento3
696 2692 825 2748 lVoeeiua
840 2690 991 2760 ‘Syrosque
1006 2691 1170 2760 (Seresque)
1185 2691 1322 2760 apertos’,

147 2796 187 2849 cp.
209 2780 264 2834 Cic.
285 2781 320 2835 de
339 2780 396 2834 diu.
416 2781 428 2833 I
449 2788 477 2846 1,
497 2798 667 2850 quamquam
687 2783 714 2836 in
734 2784 787 2836 hac
807 2781 1016 2836 enumeratione
1036 2778 1104 2833 locis
1123 2777 1214 2847 magis
1233 2778 1322 2833 medi-

145 2868 280 2923 terraneis
305 2870 398 2923 nullus
422 2874 465 2923 eet
487 2869 577 2937 locus,
602 2871 737 2940 Bergkiua
763 2871 876 2942 [Philol.
900 2887 924 2924 a.
947 2874 1013 2923 1811
1038 2887 1066 2938 p.
1081 2867 1146 2938 682]
1173 2866 1322 2922 ‘Choirea-

146 2959 222 3026 que',
242 2958 275 3012 de
295 2958 364 3013 urbe
385 2958 467 3028 Cypri
485 2959 653 3030 intellegens
673 2960 780 3029 (Steph.
801 2961 864 3030 Byr.
883 2979 903 3014 a.
923 2977 959 3026 ο,
980 2957 1050 3011 Plin.
1069 2956 1096 3010 h.
1115 2974 1142 3011 u.
1162 2955 1226 3009 XVI
1250 2959 1321 3025 130),

147 3046 224 3115 quod
243 3047 342 3101 eadem
361 3048 395 3102 de
415 3063 499 3102 causa
518 3051 562 3102 eci
580 3048 729 3113 reiculum;
754 3049 873 3119 deniqne
892 3047 1027 3101 Marullus
1047 3045 1161 3111 ‘Erioa’,
1181 3047 1207 3099 h.
1223 3061 1245 3099 e.
1267 3045 1323 3099 He·

146 3153 225 3191 raeos
252 3140 361 3191 montes
388 3136 515 3204 Siciliae,
544 3138 626 3208 plane
652 3135 867 3207 inprobabiliter
895 3135 1023 3192 coniecit.
1050 3165 1082 3175 -
1111 3134 1158 3192 18.
1184 3148 1322 3208 quaeque

147 3229 269 3280 Ancona
288 3224 472 3293 Cnidumque
494 3225 709 3280 arnndlnoeam
733 3226 821 3282 colle.
858 3228 955 3279 Ancon
975 3220 1099 3292 (Ἀγκών)
1119 3223 1177 3277 niue
1197 3224 1323 3290 Ancona,

148 3316 214 3370 urbs
233 3313 329 3369 Piceni
349 3332 410 3370 eum
431 3318 513 3384 portu
533 3315 568 3368 ad
583 3315 718 3370 Hadriam
737 3314 893 3383 aiiafflcla
908 3314 973 3379 114,
989 3319 1031 3381 64,
1051 3311 1151 3367 Strabo
1167 3311 1190 3362 V
1205 3330 1232 3381 p.
1248 3315 1323 3380 241),

146 3404 381 3459 nobile·habebat
394 3405 531 3473 templum
549 3404 663 3458 Veneria
683 3404 815 3471 marinae,
831 3403 900 3457 deae
918 3401 1060 3468 tutelarie3
1075 3400 1109 3456 cl.
1127 3401 1220 3455 quen.
1236 3407 1262 3469 4,
1278 3408 1322 3458 40.

148 3492 251 3548 Cnidus
271 3493 298 3547 in
318 3491 417 3549 Cariae
441 3511 490 3547 ora
508 3493 651 3548 maritime
674 3492 703 3546 in
726 3493 918 3563 promunturio
937 3490 1051 3560 Triopio
1075 3488 1180 3560 poeita3
1204 3490 1239 3544 de
1265 3507 1324 3560 qua

150 3584 269 3638 Pansam.
290 3582 302 3635 Ι
322 3589 350 3651 1,
370 3589 387 3637 3
410 3585 522 3637 Κνίδιοι
551 3583 666 3652 τιμῶσιν
687 3578 851 3651 Ἀφροδίτην
874 3577 1005 3650 μάλιστα,
1018 3576 1204 3647 maximoque
1228 3581 1325 3634 statua

147 3673 216 3726 deae
235 3689 252 3724 a
268 3671 408 3726 Praxitele
429 3672 540 3741 sculpta
558 3672 677 3741 insignis
697 3673 758 3726 erat
777 3669 841 3724 urbs
856 3668 939 3738 (Plin.
953 3669 980 3722 h.
995 3686 1021 3722 m
1037 3665 1150 3721 XXXVI
1166 3671 1201 3720 20
1217 3667 1321 3722 Praei·

147 3762 207 3815 ielis
225 3760 328 3826 Venas,
348 3778 430 3829 qaam
449 3768 479 3815 at
494 3763 619 3816 uiderent
633 3763 713 3815 malli
727 3762 932 3829 aaaipaueraal
949 3758 1085 3826 Cnidum).
1115 3755 1233 3810 Romani
1247 3756 1323 3811 inter

148 3849 275 3904 ‘Cnidus’
298 3853 326 3903 ei
342 3849 474 3903 ‘Gnidus’
491 3850 622 3918 (serioris,
643 3853 674 3904 ui
693 3849 812 3915 uidetur,
831 3847 933 3902 celatia
949 3847 1078 3916 formam)
1093 3843 1253 3911 uariabant;
1273 3847 1322 3901 aed

147 3938 194 3993 hic
211 3937 330 3993 alterum
351 3955 368 3991 a
383 3939 406 3994 V
421 3939 576 3994 exhibitum
596 3940 709 3993 reicitur
728 3941 830 4003 metr03
850 3936 885 3991 cl.
901 3934 1074 3989 LIIuellerue
1089 3935 1115 3988 d.
1131 3953 1151 3989 r.
1168 3952 1203 3987 m.
1218 3952 1245 4003 p.
1259 3941 1322 3990 316.

147 4030 271 4082 ceterum
295 4028 358 4082 urbi
382 4027 424 4081 illi
448 4029 598 4097 paludibus
625 4028 813 4082 circumdatae
842 4040 944 4094 magna
969 4029 1128 4076 mercatura
1151 4040 1169 4076 a
1194 4020 1322 4092 calamia,

147 4117 220 4171 unde
244 4117 381 4171 attributo
405 4117 473 4172 alibi
496 4136 552 4173 non
578 4118 662 4172 obuio
688 4117 767 4170 audii
786 4111 997 4168 ‘arundinoea’t
1018 4111 1120 4164 Aaron.
1140 4111 1221 4180 epist.
1242 4117 1269 4178 7,
1287 4119 1322 4166 60

147 4207 268 4260 Gnidiae
289 4209 382 4261 sulcus
404 4207 586 4273 harundinis,
612 4206 685 4261 Plin.
705 4207 731 4259 h.
752 4224 777 4258 n.
796 4203 859 4256 XVI
881 4205 940 4254 ld'l.
978 4198 1058 4254 Ouid.
1079 4205 1144 4253 met.
1165 4199 1188 4252 X
1209 4206 1261 4254 580
1286 4201 1322 4255 de

147 4294 255 4349 Venere
275 4314 330 4350 non
349 4299 405 4351 allo
423 4299 519 4366 repetii
534 4297 653 4366 Peplioa
667 4310 780 4363 aequore
798 4293 914 4346 cinctam
930 4288 1118 4355 piscosamque
1133 4287 1243 4342 Gnidon
1257 4307 1321 4359 qra-

147 4385 294 4457 aidarnqae
312 4387 485 4442 Amathunta
504 4386 626 4442 inelallie.
666 4382 757 4438 ‘colis’
779 4394 855 4434 more
874 4375 984 4446 saepius
1007 4375 1082 4444 apud
1102 4374 1249 4431 Horatium
1271 4378 1321 4435 ob-
