2940 4912
586 316 674 371 LXIII
693 322 806 371 51-54.
1217 316 1282 381 349

107 477 285 546 (Kuehnerus
305 494 345 547 gr.
365 477 383 529 l.
403 476 428 530 il
447 496 473 547 p.
494 479 570 545 435);
589 494 679 546 neque
698 477 851 547 quidquam
869 476 906 531 sd
924 492 984 530 rem
1003 477 1083 532 Lucr.
1098 476 1111 529 I
1125 482 1177 531 629
1191 494 1283 532 rerum

106 571 213 621 statura
232 568 353 621 creatrix
372 567 463 636 (quasi
482 566 555 621 hanc
575 584 671 622 uocem
691 582 772 636 posse
791 567 936 621 adsumere
955 565 1118 635 genetiuum
1133 566 1281 634 qnisquam

107 653 278 725 dubitarei);
296 673 347 709 nec
368 656 427 710 sine
447 673 532 711 causa
545 659 575 711 et
593 657 807 711 commendante
827 653 1015 710 concinnitate
1031 654 1194 709 AGuariuus
1208 656 1283 710 ‘mea

107 745 241 800 creatrix'
262 745 382 800 coniecit
401 745 447 814 (de
467 746 506 797 ‘a'
527 746 593 800 ante
609 747 660 800 ‘cr’
677 746 814 815 producta
827 745 861 800 cf.
877 761 942 799 mox
959 747 1011 814 53).
1050 744 1172 799 delicata
1186 738 1281 800 autem

107 850 173 888 cum
202 833 320 889 mollitie
349 835 529 889 cumulantur
552 851 718 904 synonyma,
744 836 776 888 ui
797 835 875 890 notio
898 834 1030 889 efferatur
1049 832 1159 903 matris,
1182 835 1282 903 utpote

109 940 193 992 quem
217 924 347 994 prosequi
371 940 467 978 amore
490 925 520 978 et
538 925 656 978 caribate
674 924 751 995 leges
770 927 887 979 naturae
905 923 1027 978 iubeant.
1066 922 1105 978 sic
1123 927 1201 978 recta
1219 939 1282 977 cum

108 1011 290 1081 sequentibus
311 1011 429 1067 efficitur
447 1013 593 1084 oppositio.
611 1044 643 1053 -
659 1013 707 1085 bi,
727 1013 775 1067 te.
794 1026 850 1080 ego
865 1027 954 1081 quam
969 1011 1080 1068 misere
1094 1010 1282 1083 relinquens,

108 1100 247 1156 dominos
270 1102 306 1156 ut
324 1102 461 1169 erifugae
482 1101 587 1158 ismuli
612 1103 727 1172 solent,
751 1102 789 1157 sd
807 1102 879 1158 Idae
903 1101 995 1157 tetuli
1018 1115 1143 1157 nemore
1166 1100 1281 1171 pedem.

110 1189 233 1244 ‘misera’
254 1191 356 1245 Itanum
375 1190 481 1246 librarii
500 1192 530 1246 in
549 1192 655 1247 ‘miser'
676 1193 867 1262 corruperunt,
887 1179 968 1246 Attin
986 1208 1015 1246 se
1029 1191 1120 1261 ipsum
1135 1191 1282 1261 designare

108 1279 252 1334 mulierem
282 1296 337 1334 non
364 1281 484 1336 terentes
509 1280 744 1351 neglegentesque
768 1287 802 1336 5³
826 1288 856 1337 et
879 1286 913 1335 58
937 1282 966 1334 et
989 1285 1023 1334 68
1047 1298 1101 1348 sq:
1129 1278 1209 1347 quasi
1233 1279 1282 1349 qui

109 1369 227 1424 comItes
251 1386 315 1424 suos
339 1371 492 1424 uocauerat
510 1369 620 1438 Gallae,
645 1389 674 1425 se
698 1371 791 1441 ipsum
814 1369 859 1424 his
877 1368 998 1424 eximere
1016 1371 1122 1440 posset!
1147 1367 1281 1434 ‘misera'‚

106 1472 166 1512 non
185 1458 276 1512 solum
296 1457 426 1526 ‘inieii1’,
446 1460 494 1513 sed
515 1460 600 1514 etiam
616 1461 704 1515 ‘mala
718 1459 887 1531 prauaque’:
906 1476 1042 1515 summam
1056 1457 1204 1513 caritatem
1219 1474 1282 1512 cum

109 1546 240 1601 deberem
269 1548 377 1616 patriae
401 1549 499 1616 utpote
523 1549 620 1617 matri,
648 1564 711 1603 eam
735 1552 879 1617 tamquam
903 1565 1031 1617 perosam
1055 1547 1125 1602 mihi
1148 1549 1177 1602 et
1198 1546 1283 1601 nimis

110 1635 209 1690 duram
224 1636 364 1691 dominam
381 1636 555 1692 clandestIna
573 1637 641 1707 iuga
659 1637 761 1707 reliqui
780 1638 868 1692 instar
886 1627 1029 1692 seruorum
1047 1635 1225 1691 intolerando
1243 1635 1284 1690 eri

109 1723 228 1794 imperio
247 1740 276 1779 ss
290 1726 522 1781 subtrahentium.
562 1726 694 1798 ‘erifuga'
710 1743 783 1782 noue
797 1726 948 1782 iormstum
963 1725 1011 1797 (ad
1026 1728 1080 1796 23).
1113 1741 1282 1794 quamquam

108 1813 162 1867 boc
190 1814 263 1868 maie
287 1831 316 1868 se
339 1813 438 1882 hebet,
466 1816 541 1884 quod
564 1815 664 1874 iamuli
688 1816 740 1884 (sic
763 1815 905 1887 mancipia
935 1818 1073 1871 uocantur
1099 1817 1198 1883 utpote
1227 1813 1282 1868 eris

109 1901 252 1971 opposita,
282 1903 380 1957 ‘serui’
410 1905 442 1958 ut
468 1904 575 1975 liberis)
604 1921 666 1959 eros
694 1905 836 1975 iugieutm
859 1905 962 1960 iterum
985 1902 1113 1959 dominos
1137 1902 1197 1957 siue
1221 1918 1282 1958 eros

108 1990 266 2061 relinquere
285 1993 373 2048 solere
393 1992 524 2047 dicuntur
543 1995 588 2062 (de
607 2010 752 2050 seruorum
771 1995 839 2064 fuga
857 2012 912 2050 uon
930 2011 995 2049 rara
1013 1992 1047 2048 ci.
1066 2010 1108 2048 ex.
1128 2009 1169 2062 gr.
1189 1991 1281 2046 Plani.

109 2079 171 2136 Cas.
191 2079 216 2133 V
235 2087 260 2148 3,
281 2086 314 2134 13
333 2083 389 2136 nisi
406 2088 437 2136 ut
456 2084 584 2153 inprobos
602 2085 722 2151 famulos
739 2085 831 2139 imiter
845 2101 878 2139 ac
891 2085 970 2139 demo
983 2084 1101 2153 ficetum,
1118 2081 1184 2135 Hor.
1200 2081 1281 2150 epist.

109 2168 135 2223 II
154 2175 179 2236 2,
202 2172 258 2237 14):
277 2173 306 2224 et
325 2169 396 2225 mira
414 2172 589 2228 abundantia
607 2173 652 2227 hic
672 2172 719 2228 uix
734 2174 892 2228 excusanda
905 2172 1016 2228 tollitur
1030 2174 1059 2226 et
1074 2171 1189 2224 ‘solent’
1205 2173 1282 2224 recte

108 2275 138 2314 se
156 2258 252 2328 habet,
271 2258 294 2313 ei
313 2276 347 2313 ex
367 2260 517 2316 ‘dominos’
539 2262 667 2317 elicimus
686 2261 770 2318 ‘clam
787 2263 897 2327 nocte’‚
922 2249 983 2317 cum
1005 2259 1185 2328 ‘relinquens’
1207 2258 1281 2326 quod

108 2352 153 2402 eet
175 2348 360 2419 iungendum,
384 2347 444 2403 siue
468 2350 562 2419 potius
587 2349 671 2405 ‘ciam
695 2351 776 2419 nox’‚
801 2349 965 2405 aduerbium
989 2347 1112 2420 priscum
1136 2348 1173 2403 ab
1192 2347 1281 2401 Ennio

109 2454 172 2492 aun.
193 2442 245 2491 412
264 2440 293 2492 et
312 2438 419 2494 Lucilio
439 2439 475 2493 lIi
496 2446 530 2494 32
550 2439 707 2494 adhibltum
727 2458 789 2495 cum
809 2455 861 2495 nec
879 2439 1022 2495 Catullum
1040 2437 1070 2491 in
1089 2437 1140 2492 hos
1159 2436 1282 2491 carmine

111 2525 254 2581 dedeceat.
293 2527 387 2582 ‘tetuli
406 2528 528 2596 pedem’‚
547 2546 591 2583 mo
611 2529 745 2598 conuerti,
765 2531 797 2583 ut
815 2529 877 2584 Seu.
897 2527 971 2583 Med.
991 2528 1186 2594 aestuosus
1199 2527 1283 2595 pedes

108 2619 133 2668 ei
150 2614 226 2681 iiiuc,
245 2614 329 2682 Varg.
349 2614 380 2669 G.
400 2614 413 2667 Ι
434 2622 474 2681 11,
495 2616 555 2670 VaI.
574 2615 666 2672 Flacc.
687 2617 738 2672 Vll
760 2624 818 2673 112.
856 2633 1043 2686 eorumquae
1062 2614 1281 2684 inpetriareli·

108 2703 171 2772 quit
197 2720 325 2771 quaeque
354 2720 425 2757 nunc
452 2701 481 2756 in
507 2703 555 2758 ida
580 2720 642 2758 eum
667 2707 782 2759 manent
806 2705 954 2760 discrimen
978 2719 1118 2774 exponens
1142 2701 1178 2756 ab
1201 2702 1283 2757 buius

108 2792 261 2846 terroribus
285 2791 397 2861 incipit:
418 2824 448 2830 —
469 2792 516 2846 oe.
540 2793 575 2847 ut
598 2793 677 2863 apssd
702 2794 802 2849 nluem
827 2794 859 2848 et
883 2793 1017 2848 terarum
1043 2791 1144 2860 gelida
1163 2791 1284 2847 stabula

109 2881 215 2936 iorem.
257 2880 368 2934 acerbe:
394 2899 426 2934 eo
451 2881 581 2936 nimirum
606 2883 737 2950 consilio,
761 2886 794 2937 ut
819 2898 1004 2937 commorarer
1027 2881 1057 2935 in
1080 2880 1186 2936 uicinia
1208 2881 1282 2935 niuis

108 2971 294 3039 sempiternae
314 2970 357 3036 (ad
379 2974 424 3037 70)
443 2973 472 3023 et
491 2971 568 3025 iuxta
586 2972 677 3026 lustra
695 2972 840 3027 beluarum
859 2974 923 3039 (Ὶῖ).
961 2973 1030 3025 Aen.
1050 2969 1087 3039 VI
1109 2975 1159 3023 lie
1179 2971 1237 3023 itur
1251 2972 1283 3023 in

109 3063 250 3128 antiquam
276 3061 389 3125 siluam,
415 3061 525 3113 stabula
548 3062 606 3114 alta
628 3064 765 3128 ferarum,
792 3061 853 3116 Val.
879 3062 970 3116 Flacc.
995 3060 1019 3113 il
1038 3065 1089 3114 477
1110 3059 1198 3113 idaea
1221 3076 1282 3112 cum

108 3149 224 3201 motulis
239 3165 359 3212 rumora,
379 3149 449 3202 Stat.
465 3149 550 3203 Theb.
567 3149 653 3205 1377,
693 3151 800 3220 ‘gelius
814 3152 873 3217 st.'‚
891 3151 926 3204 ci.
942 3151 977 3204 ad
994 3150 1031 3203 IV
1046 3155 1062 3203 9
1077 3151 1106 3202 et
1120 3148 1206 3202 LXIV
1224 3155 1281 3203 140.

108 3267 142 3277 -
162 3236 211 3290 bi.
236 3237 267 3291 et
289 3251 392 3290 aarum
417 3237 518 3292 omnm
541 3237 656 3293 adirem
681 3240 848 3295 iuribunda
866 3239 1003 3294 latibula.
1042 3239 1162 3308 pessime
1181 3242 1282 3301 curaui..

109 3326 157 3393 qui
178 3325 319 3379 ‘latibula’
340 3326 400 3378 sius
420 3326 526 3379 cubilia
544 3326 672 3395 (Phaedr.
693 3330 704 3381 l
724 3335 767 3397 30,
787 3337 803 3383 9
823 3333 851 3384 et
870 3329 895 3382 Il
915 3335 940 3396 8,
961 3331 986 3396 1)
1006 3327 1061 3381 dici
1081 3345 1162 3397 posse
1182 3329 1283 3395 putent

109 3414 280 3468 ‘furibunda'
301 3414 450 3467 secundnm
472 3416 553 3470 Mart.
573 3417 597 3468 il
618 3423 660 3484 75,
680 3424 695 3472 ‘l
715 3420 815 3484 faricii
829 3419 907 3472 dente
921 3417 966 3484 (de
981 3418 1086 3483 leonei:
1106 3415 1281 3485 perdentem

109 3521 139 3557 ee
162 3504 340 3558 manifestare
366 3503 442 3557 rralct
464 3505 552 3571 furor,
577 3524 633 3559 non
656 3506 726 3561 item
745 3525 795 3576 per
813 3506 945 3570 latibuia;
968 3523 1020 3558 nec
1039 3508 1188 3575 propterea
1207 3504 1281 3572 quod

109 3594 239 3647 saeuiunt
265 3593 337 3647 ierac
362 3592 469 3647 excitae
489 3611 521 3647 ex
541 3596 679 3661 latibulis,
700 3598 768 3650 haec
792 3595 854 3664 ipsa
877 3595 933 3648 iam
957 3595 1023 3646 suut
1047 3594 1202 3647 furibunda.
1246 3595 1281 3646 ad

111 3683 187 3736 Attin
217 3682 305 3750 igitur
332 3683 384 3736 boc
414 3683 557 3752 epitheton
588 3688 708 3754 spectat:
739 3688 850 3740 ueretur
878 3701 913 3737 ne
941 3683 970 3737 in
995 3682 1112 3751 Cybeles
1140 3680 1281 3734 farnulitio

110 3773 209 3826 inroris
238 3772 335 3840 plenus
360 3777 388 3825 ei
411 3790 461 3840 per
485 3773 585 3826 citatos
609 3792 715 3829 errores
739 3776 844 3829 feratur
867 3773 960 3827 subito
983 3772 1012 3826 in
1036 3772 1156 3825 serarum
1183 3771 1280 3825 lustra.

109 3860 172 3916 hinc
192 3860 385 3929 opitulandum
407 3862 447 3916 illi
469 3862 597 3928 ‘omnia',
616 3866 689 3932 quud
709 3867 767 3918 tam
787 3865 906 3917 metrum
922 3861 1030 3930 respuit
1043 3877 1126 3929 quam
1143 3859 1282 3913 sententia

109 3951 193 4015 (uude
213 3951 316 4003 irustra
336 3951 382 4004 ‘ad
401 3953 496 4006 omnia
515 3953 595 4006 irem’
612 3954 814 4021 hulwardum:
836 3951 1021 4007 errabundum
1042 3967 1070 4004 se
1090 3950 1124 4002 ad
1144 3948 1282 4002 abditas

109 4039 220 4093 ilianum
250 4041 329 4092 sedes
355 4040 479 4093 delatum
507 4041 552 4109 iri,
576 4042 633 4096 fere
661 4043 872 4112 significandum
898 4045 960 4094 erat
984 4040 1080 4093 Attidi.
1120 4038 1192 4091 {inde
1216 4054 1280 4095 con,

108 4128 205 4182 cidunt
224 4128 400 4183 coniecturae
420 4130 520 4184 Mureti
542 4129 656 4186 ‘amica’
678 4130 891 4199 mimiambos,
916 4128 995 4183 iilum
1017 4128 1060 4181 sol
1080 4127 1202 4181 sodalem
1224 4126 1281 4180 iore

108 4217 280 4284 beluarum),
306 4217 361 4272 mei
385 4219 472 4287 ipsius
498 4220 634 4273 ‘alumna’
656 4223 749 4287 (seusu
769 4220 862 4274 actiuo
882 4236 914 4272 ex
935 4237 985 4271 usu
1006 4218 1182 4286 priscorum),
1206 4216 1281 4284 ‹qsrod

106 4327 161 4364 uon
186 4309 278 4363 minus
298 4308 418 4362 otiosum
438 4312 479 4362 est
497 4309 641 4376 epitheton
666 4327 749 4378 quam
776 4307 903 4362 Muelleri
927 4308 995 4361 iliud
1021 4307 1143 4375 ‘opacs’.
1183 4305 1282 4359 melius

108 4396 182 4452 idem
206 4397 355 4451 Muellerus
377 4398 512 4466 ‘operta’,
533 4397 585 4450 nisi
605 4399 680 4465 quod
700 4398 752 4453 hoc
773 4398 945 4465 longiuscule
964 4396 1070 4451 recedit
1089 4413 1105 4450 s
1124 4395 1281 4450 litterarum
