2940 4912
594 286 902 367 'escuacounuu
1324 311 1345 375 3

228 479 328 550 Quod
354 482 542 557 exemplum
570 479 728 557 quominus
757 479 809 538 alii
832 483 1042 556 sequerentur,
1071 481 1167 539 multa
1194 482 1259 538 tum
1283 480 1347 554 qui-

144 577 204 637 dem
224 579 448 640 obstiterunt.
482 597 555 638 nem
575 582 606 638 et
622 577 770 655 paulatim
790 577 897 636 abhinc
910 577 1023 637 Romae
1040 578 1236 636 innotuerunt
1249 595 1346 635 nouee

144 677 237 751 poesis
267 679 362 737 eirea
397 677 511 736 Nilum
538 676 674 737 conditae
701 681 862 751 praecepta
889 680 920 734 et
946 677 1011 751 ipse
1039 677 1167 751 populus
1195 675 1346 734 Romems

144 775 275 835 mudum
301 777 333 836 is
362 780 455 849 erat,
480 775 533 852 qui
555 774 602 834 his
625 772 717 832 enimi
740 772 830 831 liberi
853 777 884 833 et
908 773 1029 833 otiantis
1048 773 1164 833 lusibus
1184 773 1345 848 quidquem

144 874 295 931 tribueret
320 875 358 932 et
385 875 500 948 posset
525 871 645 931 omnino
667 869 821 945 adspirare
849 870 887 928 ad
915 889 952 929 ee
970 890 1058 931 sensa
1080 871 1346 948 cogitationesque,

146 989 216 1044 quae
239 969 343 1029 docta
371 969 485 1045 poesis
512 967 660 1026 amatoria
682 966 743 1026 sibi
765 966 893 1044 flagitet.
940 968 1011 1044 quid
1036 972 1116 1028 esset
1144 987 1240 1044 amor,
1265 972 1346 1042 post·

148 1085 231 1142 quam
255 1067 337 1125 huic
363 1065 538 1141 Euripides
560 1067 647 1124 tenta
669 1082 737 1122 oum
761 1069 827 1125 arte
850 1067 1067 1142 amplissimum
1095 1068 1126 1124 in
1148 1066 1260 1124 lebulis
1285 1066 1346 1125 suis

150 1164 227 1224 dedit
249 1167 382 1235 locum,
408 1163 543 1223 Graecos
566 1160 635 1221 inde
658 1160 695 1220 ab
717 1163 879 1223 Aristotele
902 1164 1073 1240 philosophi
1096 1164 1218 1241 plurimi
1241 1164 1346 1222 docue-

152 1269 214 1322 rant
232 1258 290 1343 (cf.
311 1262 493 1322 ERohdius
512 1260 582 1319 libri
601 1260 717 1336 egregii
740 1263 773 1319 et
795 1262 826 1320 in
849 1263 987 1321 omnibus
1010 1263 1056 1321 his
1080 1262 1170 1321 rebus
1194 1260 1345 1319 utilissimi

153 1354 212 1419 ‘der
228 1360 439 1437 gn'eolrische
460 1351 586 1418 Roman'
610 1357 749 1433 inscripti
767 1378 795 1434 p.
811 1361 853 1419 56
869 1350 962 1440 sqq.);
986 1378 1134 1436 porroque
1157 1363 1243 1417 uetes
1267 1356 1347 1417 docti

156 1458 357 1517 Alexandrini
382 1457 501 1517 amoris
524 1454 634 1533 gaudia
657 1458 688 1514 et
717 1456 800 1514 mela
826 1457 959 1515 animum
987 1457 1151 1516 humanum
1179 1455 1347 1515 adficientie

158 1574 319 1633 eorumque
356 1555 595 1631 descriptionem
623 1554 798 1631 diligentem
827 1555 967 1614 subtilem
997 1554 1191 1614 artificiosam
1218 1572 1346 1628 pronun-

160 1655 309 1714 tiauerant
340 1672 499 1713 summam
527 1671 650 1728 poeseos
678 1652 778 1728 legem
806 1671 930 1728 eamque
959 1653 1093 1727 exemplo
1122 1671 1175 1710 suo
1205 1652 1237 1709 in
1260 1669 1346 1711 omne

162 1769 263 1811 uuum
277 1752 497 1810 firmauerunt
523 1751 646 1826 quinon
662 1750 760 1809 solum
774 1751 805 1808 in
819 1749 963 1810 breuibus
978 1751 1202 1827 epigrammatis
1218 1750 1346 1825 pectoris

164 1868 257 1909 rmore
282 1850 375 1926 pleni
404 1866 494 1909 sensa
522 1848 729 1924 explicuerunt
756 1850 810 1906 aut
836 1867 885 1907 res
913 1849 952 1907 ed
981 1867 1121 1908 uenerem
1149 1866 1234 1906 suam
1256 1847 1347 1922 perti-

165 1956 263 2008 nentes
294 1948 521 2021 parauerunt,
553 1944 606 2004 sed
634 1949 705 2004 ente
735 1944 835 2004 omnia
865 1945 955 2005 etiam
985 1948 1098 2006 meiere
1128 1946 1259 2005 camnine
1288 1963 1348 2004 non

167 2064 261 2105 mere
286 2045 461 2103 noluerunt
485 2040 641 2101 dulcedine
664 2041 728 2101 eius
747 2043 885 2118 effectus,
909 2063 996 2119 quem
1016 2046 1095 2125 inter
1112 2037 1198 2120 πάθη
1218 2044 1348 2101 humana

169 2161 314 2201 summurn
340 2141 446 2199 locum
468 2139 603 2215 optinere
626 2139 686 2198 iam
710 2140 846 2216 uulgaris
870 2145 936 2199 erat
959 2143 1070 2218 opinio:
1094 2161 1160 2200 cum
1179 2159 1274 2216 pauca
1293 2159 1347 2214 epe

172 2253 199 2297 ἰ
217 2240 332 2316 quibus
365 2237 562 2297 abstinebant
589 2230 680 2317 fere),
708 2257 728 2295 u
766 2239 924 2313 Apollonii,
943 2239 1047 2299 Rhodii
1074 2239 1288 2315 Argonautica,
1317 2239 1348 2294 et

172 2337 268 2412 idyllia
296 2337 373 2395 hinc
396 2353 486 2392 suum
509 2338 687 2411 aeceperunt
711 2340 918 2395 oruamentum
947 2339 1154 2414 praecipuum,
1182 2340 1247 2395 tum
1274 2353 1346 2394 uero

171 2436 221 2493 duo
244 2436 302 2493 ille
324 2450 444 2510 genera
467 2433 546 2491 inter
568 2433 671 2508 poesin
695 2452 771 2510 quae
794 2434 914 2511 proprie
934 2439 1059 2495 uocatur
1081 2437 1207 2511 lyricam
1231 2438 1262 2492 et
1285 2432 1345 2508 epi-

104 2554 106 2571 *
172 2552 227 2591 nn
249 2532 373 2603 media,
397 2531 513 2608 elegiae
536 2531 649 2590 scilicet
672 2535 703 2590 et
725 2532 858 2607 epyllion
881 2524 1023 2613 (quorum
1045 2532 1189 2609 perfectio
1214 2551 1348 2590 cousum-

104 2660 106 2689 ε
174 2638 246 2689 nite
269 2630 402 2706 proprie
419 2628 692 2688 Alexandrinorum
714 2629 835 2687 illorum
859 2629 924 2689 laus
944 2635 1033 2707 atque
1052 2632 1149 2707 gloria
1170 2622 1239 2709 est),
1263 2630 1347 2688 deeo-

175 2732 314 2787 rebsntur
335 2733 371 2786 et
389 2736 544 2802 tamquam
565 2726 694 2785 stellulis
714 2726 954 2802 insigniebentur
972 2730 1084 2787 fabulis
1103 2729 1164 2787 illis
1184 2727 1347 2800 amatoriis,

104 2836 106 2899 j
181 2847 237 2884 ‚uss
262 2826 403 2901 undique
422 2824 557 2901 gentium
577 2843 692 2882 summa
712 2845 776 2883 eum
797 2826 946 2884 industrie
965 2828 1106 2886 collectus
1126 2819 1274 2907 (llohdius
1294 2825 1312 2882 l.
1328 2824 1347 2881 l.

175 2946 196 2997 r.
210 2930 251 2984 tt]
268 2918 353 3001 sqq.)
379 2923 445 2981 siue
469 2923 596 2997 propriis
616 2925 746 2981 tractare
766 2925 915 2998 opusculis
936 2925 1000 2982 siue
1020 2925 1048 2981 in
1069 2926 1143 2982 alias
1162 2923 1347 2981 narrationes

185 3026 272 3081 Ρτ’τττττ
304 3024 336 3080 in
368 3021 502 3078 carmina
529 3012 690 3101 diductius)
720 3024 789 3095 apte
813 3022 944 3080 intexere
973 3026 1004 3080 et
1031 3022 1168 3080 omnibus
1197 3025 1259 3079 tem
1283 3040 1348 3078 uer-

180 3142 273 3179 ‚erum
299 3139 394 3196 quarn
420 3117 626 3192 descriptionis
645 3118 762 3177 artibus
782 3120 937 3194 exquisitis
958 3139 1072 3178 comere
1091 3125 1183 3194 atque
1202 3137 1345 3177 exornare

177 3221 320 3277 ,silebant
346 3217 430 3276 docti
453 3216 497 3274 illi
520 3219 635 3291 poetae.

255 3316 392 3375 ltcmeni
411 3333 507 3389 neque
527 3333 659 3373 summae
679 3314 747 3372 huic
766 3316 945 3373 narrationis
965 3317 1023 3374 arti
1045 3321 1124 3374 reete
1145 3313 1347 3373 aestimandae

171 3435 260 3490 reque
281 3412 400 3471 amoris
421 3411 582 3469 affectuum
597 3412 830 3487 expositionibus
846 3433 916 3471 uere
934 3414 1144 3488 intellegendis
1160 3431 1248 3486 pares
1263 3416 1349 3469 erant

171 3514 248 3572 lnnii
284 3520 436 3584 ternpore.
487 3509 538 3583 qui
566 3509 635 3568 licet
664 3510 814 3584 Euripidis
844 3512 970 3569 maxime
1004 3511 1166 3586 tragoediis
1196 3509 1347 3568 conuersis

169 3613 316 3685 gerlatim
344 3626 381 3664 er
406 3606 507 3681 eliqua
530 3610 615 3680 perte
639 3608 832 3666 assuefecerit
855 3608 989 3667 homiues
1009 3609 1139 3666 urbanos
1159 3608 1287 3683 digniori
1311 3609 1347 3665 (le

168 3712 251 3768 r-'rms
275 3705 416 3765 ueneriis
432 3704 597 3762 sententiae
612 3705 718 3763 animis
733 3705 951 3780 concipiendae,
966 3710 1066 3763 tamen
1086 3706 1210 3764 deerunt
1229 3707 1348 3765 omniuo

168 3811 262 3865 zodia
300 3807 333 3862 in
372 3800 558 3877 philosophis
588 3803 799 3878 cognoscendis
827 3804 925 3877 posita
953 3808 983 3861 et
1015 3805 1208 3878 peruulgata‚
1242 3806 1348 3878 quibus

166 3908 290 3964 :umbus
325 3904 360 3960 in
392 3918 494 3958 rerum
529 3900 648 3958 illarum
679 3919 783 3959 causas
817 3901 979 3959 abditiorcs
1010 3907 1167 3976 penetrare
1198 3903 1348 3959 uolebant.

165 4088 286 4140 &raditur
306 4104 334 4137 u.
354 4090 371 4133 3
394 4077 571 4144 ‘thesauro'‚
596 4097 650 4147 quo
675 4083 784 4134 retento
809 4081 893 4148 uulgo
915 4081 1053 4149 ‘Oretldi'
1081 4081 1206 4134 scribunt
1229 4098 1261 4132 ex
1287 4096 1347 4130 con·

165 4176 285 4230 fletum
306 4162 362 4215 sed
380 4160 448 4215 Orci
468 4159 614 4213 thesaurus
633 4158 726 4213 nullus
743 4164 793 4226 est,
810 4160 997 4214 immolamus
1018 4163 1117 4230 recipit
1131 4162 1276 4213 thesauros
1292 4161 1349 4213 siue

165 4250 295 4303 :meam
326 4240 446 4306 ,llortis3
474 4238 543 4292 Eun.
569 4239 658 4308 lphig.
683 4247 734 4293 202
758 4243 932 4295 Acherontem
965 4260 1037 4296 rarius
1063 4245 1153 4308 ultim),
1182 4242 1230 4292 uti
1259 4242 1351 4294 retortis

162 4332 283 4385 'terarum'
303 4327 447 4386 obiacent,
468 4320 543 4372 unde
563 4321 742 4389 corrigendus
762 4326 805 4374 est
819 4322 956 4374 Prellerus
978 4323 1063 4391 myth.
1081 4322 1158 4373 ltom.
1180 4339 1204 4388 p.
1221 4327 1272 4373 tol
1293 4320 1351 4387 (ubi

162 4414 254 4465 *ints
281 4406 380 4464 uerba
402 4402 475 4458 Attii
498 4403 570 4467 trag.
591 4407 624 4454 92
639 4401 672 4454 a.
692 4405 789 4471 utpote
814 4403 896 4470 longe
921 4401 1005 4457 utitor
1028 4403 1131 4458 traditu
1150 4400 1189 4453 nil
1215 4401 1250 4454 ad
1274 4404 1350 4467 rem).

1103 4497 1113 4540 1
1123 4489 1137 4520 *
