2940 4912
150 262 213 326 184
656 262 745 316 XXIX
766 269 805 316 11.

146 427 222 480 certo
241 423 372 478 dictionis
393 440 443 477 usu
468 423 597 479 absoluto
621 421 776 478 audiendus
800 425 844 478 est
862 425 942 493 (licet
959 425 1079 481 Trebell
1099 425 1220 481 Gallien.
1242 433 1320 494 17,9

146 530 208 568 ers-m
233 514 322 568 orbem
348 519 484 567 terrorum
510 514 631 582 undique
653 514 819 582 perdidisset
845 513 947 569 dixerit
972 514 1125 569 adnotante
1152 514 1321 586 Schwabio).

146 602 242 670 itaque
258 601 367 668 ‘urbis’,
387 601 526 670 siquidem
545 603 620 656 recte
641 618 669 655 se
689 602 786 669 habet,
806 601 956 658 cohaerere
972 603 1132 658 debetcum
1147 620 1181 659 ea
1193 605 1322 675 notione,

145 708 219 759 qnae
241 690 316 745 inest
339 691 401 746 uoci
427 689 680 760 ‘opulentissime',
705 708 789 760 quam
813 692 919 762 pariter
942 695 1063 748 metrum
1087 696 1116 748 et
1133 693 1274 749 sonasse
1294 698 1326 750 et

146 797 276 835 numerus
299 784 420 849 arguunt
441 782 609 849 corruptam.
647 778 730 835 mitto
750 780 887 851 Scaligeri
907 782 1075 852 ‘imperator
1099 782 1196 837 unice'
1220 802 1324 853 parum

146 871 211 940 apte
232 887 295 923 cum
314 868 473 924 incredibili
492 869 611 923 audacia
628 870 791 924 restitutum
810 870 983 940 aliorumque
1003 875 1162 927 commenta
1186 890 1204 927 a
1222 891 1325 930 uersus

146 957 256 1028 legibus
276 957 392 1012 reiecta:
412 974 463 1012 nec
482 958 511 1012 in
530 958 759 1013 Lachmanuiano
780 958 867 1013 ‘urbis
887 977 903 1014 o
923 959 1060 1030 piissime’
1082 961 1140 1015 sine
1159 962 1323 1033 Hauptiano

147 1045 317 1117 ‘piissimei’
339 1047 519 1116 adquiescere
538 1047 669 1115 equidem
687 1065 800 1117 possum
820 1051 910 1118 (nam,
930 1052 962 1102 nt
981 1049 1015 1103 de
1040 1049 1213 1119 superlatiuo
1233 1052 1322 1107 dubio

147 1142 267 1204 taceam,
292 1136 326 1191 de
350 1152 405 1205 quo
429 1137 464 1191 cf.
488 1136 544 1191 Cic.
568 1135 729 1191 Philsxssl
755 1142 836 1207 19,3
860 1140 890 1191 et
912 1137 996 1192 Keilii
1021 1156 1061 1208 gr.
1081 1138 1100 1192 l.
1125 1138 1148 1190 V
1172 1157 1198 1208 p.
1216 1145 1267 1195 154
1294 1144 1325 1196 et

146 1224 321 1281 Muetzellius
340 1226 376 1279 ad
396 1225 472 1280 Curt.
487 1225 525 1279 IX
544 1231 587 1293 25,
608 1230 653 1292 17,
673 1224 750 1279 locus
770 1241 787 1279 a
806 1225 856 1280 tali
876 1226 966 1282 ironia
984 1228 1134 1283 abhorrere
1155 1227 1225 1283 mihi
1243 1229 1324 1286 uide·

147 1317 202 1385 tur)
218 1332 269 1370 nec
283 1317 333 1368 aut
346 1314 376 1369 in
390 1313 542 1369 LMuelleri
555 1314 670 1368 inuento
685 1313 768 1368 nimis
787 1313 881 1368 ieiuno
898 1315 984 1369 ‘urbis
999 1332 1016 1370 o
1031 1315 1197 1385 potissimei’
1215 1318 1323 1387 (Plant.

147 1405 219 1459 Men.
240 1403 263 1457 ll
283 1410 308 1471 3,
327 1407 355 1473 9)
374 1406 423 1458 aut
442 1403 471 1456 iu
489 1402 626 1457 Ellisiana
644 1402 845 1458 exclamatione
866 1403 958 1458 ‘urbis
977 1418 993 1457 o
1013 1405 1100 1474 pudet
1118 1406 1224 1460 meae'.
1254 1407 1324 1462 hinc

145 1493 221 1562 quod
244 1493 393 1548 audaciore
417 1491 562 1548 molimine
586 1492 653 1547 olim
677 1491 742 1546 dedi
767 1492 831 1546 ‘oro
855 1508 920 1560 uos,
942 1492 1110 1548 leuissimsi’
1137 1496 1212 1562 (uam
1237 1496 1322 1551 ‘orb'

146 1580 306 1636 breuiatum
324 1584 423 1651 utpote
442 1581 471 1635 in
488 1580 565 1636 uitas
584 1579 756 1636 cottidianae
770 1581 892 1636 formula
910 1581 969 1636 sine
987 1581 1139 1638 offensione
1158 1600 1220 1639 esse
1238 1587 1324 1654 puta-

146 1671 225 1738 bam,
245 1687 318 1724 nuuc
336 1687 387 1724 nec
406 1669 499 1739 ipsum
518 1669 602 1724 ualde
621 1672 733 1739 probo),
757 1669 841 1725 facile
859 1672 891 1723 ut
914 1670 943 1724 in
961 1671 1024 1725 loco
1043 1673 1219 1729 conclamato
1239 1690 1324 1730 erou-

147 1760 267 1825 sabitur;
288 1759 472 1815 ‘leuissimei’
494 1757 614 1814 feliciter
637 1776 717 1814 ame
736 1761 930 1828 recuperatum
950 1776 1022 1827 esse,
1042 1761 1203 1816 etiamnunc
1222 1763 1326 1832 sentio,

147 1849 286 1918 siquidem
305 1848 419 1917 leuitas,
443 1849 466 1902 si
491 1848 558 1916 quid
582 1847 675 1917 aliud,
699 1850 759 1902 erat
782 1848 835 1902 hoc
858 1847 933 1916 qnod
958 1849 1176 1919 conquisitorum
1199 1853 1327 1922 undique

148 1937 310 1993 diuitiarum
329 1941 388 1992 tam
406 1953 538 2007 peruerse
557 1936 630 2007 largi
643 1937 810 2007 prodigique
826 1936 979 1993 extiterunt
994 1936 1094 1993 Caesar
1107 1939 1325 2011 Pompeiusque.

147 2045 199 2082 nec
218 2027 308 2082 minus
333 2027 367 2081 de
391 2025 496 2082 tradito
521 2025 629 2081 ‘urbis'
651 2026 751 2096 (quod,
775 2024 911 2094 quidquid
935 2027 1070 2096 temptas,
1090 2028 1193 2083 iustam
1212 2032 1326 2086 senten-

147 2118 217 2172 tiam
237 2117 354 2188 respuit)
374 2133 440 2172 uere
459 2133 503 2170 mc
524 2116 667 2170 dubitasse
686 2118 777 2170 teneo.
815 2114 864 2169 sed
883 2115 998 2170 inuento
1016 2115 1060 2170 illi
1076 2116 1168 2171 acrius
1188 2116 1326 2175 insistens

148 2207 276 2262 lubenter
295 2204 365 2260 mihi
387 2205 558 2276 persuadeo,
582 2222 641 2259 esse
661 2203 850 2260 Catulliannm
872 2205 935 2260 ‘usu
953 2223 1037 2275 opum
1056 2205 1232 2275 leuissimei’,
1251 2208 1279 2264 h.
1300 2223 1327 2264 e.

148 2298 196 2365 qui
220 2296 335 2351 leuitate
361 2297 455 2350 uestra
479 2298 536 2350 tam
561 2295 705 2350 sinistrum
731 2293 893 2350 diuitiarum
917 2313 997 2349 nsum
1021 2296 1126 2360 facitis3
1150 2313 1215 2350 nam
1236 2296 1327 2352 ‘leuis

149 2387 190 2441 rc'
207 2404 257 2456 pro
274 2386 315 2440 ‘in
328 2402 357 2440 rc
373 2385 479 2453 aliqua'
497 2384 602 2439 dictum
617 2400 672 2439 non
687 2384 820 2439 abhorret
835 2384 870 2437 ab
885 2401 937 2439 usu
950 2387 1098 2454 poetarum
1112 2385 1156 2454 (cf.
1169 2384 1257 2439 LXIV
1270 2387 1326 2457 11).

149 2475 269 2543 denique
293 2477 380 2529 testes
404 2474 445 2528 ita
469 2474 542 2530 inter
561 2491 590 2528 sc
610 2473 753 2540 differunt,
778 2475 810 2528 ut
834 2475 856 2529 V
879 2475 972 2530 ‘socer
994 2492 1135 2544 generque
1143 2476 1161 2542 ',
1181 2475 1327 2545 Vergilius

149 2565 237 2635 epigr.
258 2571 273 2618 6
293 2567 345 2634 (3),
365 2572 380 2619 6
406 2565 507 2634 ‘gener
531 2563 679 2631 socerque’
706 2563 867 2633 praebeant.
906 2582 955 2634 per
980 2581 1009 2618 se
1033 2564 1080 2618 uix
1103 2565 1223 2620 discerni
1241 2584 1327 2635 posse

148 2657 275 2724 apparet,
294 2657 388 2708 utrum
403 2653 505 2708 Caesar
523 2656 556 2707 ut
570 2668 648 2706 socer
667 2652 767 2706 melius
782 2669 886 2722 genero
901 2671 937 2707 an
951 2653 1102 2723 Pompeius
1116 2657 1215 2724 utpote
1229 2655 1327 2712 senior

149 2743 191 2797 illi
211 2746 398 2812 praeponatur
417 2745 492 2810 (nam
512 2742 585 2811 quod
605 2742 710 2811 dicunt,
729 2741 826 2797 inuehi
845 2746 958 2812 poetam
973 2742 1002 2796 in
1017 2740 1174 2810 Caesarem,
1194 2750 1326 2813 exparte

149 2835 192 2887 est
210 2836 329 2897 rectum3
352 2833 500 2901 potuitque
524 2831 696 2886 econtrario
721 2832 799 2900 hinc,
824 2832 898 2902 quod
918 2832 1066 2901 Pompeius
1089 2835 1155 2887 aute
1174 2833 1325 2888 Caesarem

147 2921 285 2975 beneficia
307 2921 427 2975 eontulit
450 2921 478 2974 in
497 2919 679 2987 Mamurram,
703 2937 789 2990 gener
812 2921 968 2991 praeponi).
1006 2921 1055 2974 sed
1078 2921 1232 2976 anteriores
1257 2940 1323 2977 cum

150 3011 257 3064 starent
280 3027 297 3063 a
321 3009 344 3063 V
367 3012 452 3077 atque
476 3009 665 3078 LSpengelius
690 3009 761 3063 adeo
787 3010 961 3079 epigramma
984 3007 1177 3078 Vergilianum
1201 3025 1236 3063 ex
1259 3011 1325 3067 loco

148 3101 244 3153 nostro
264 3099 458 3168 corrigendum
478 3101 615 3165 censeret,
635 3116 687 3168 ego
707 3098 793 3168 praef.
809 3099 864 3153 uol.
880 3098 933 3168 lp.
949 3097 1063 3152 XLVIII
1081 3096 1323 3154 benedictionem
1392 3085 1398 3091 ’

150 3189 244 3244 monui
264 3190 291 3242 iu
311 3188 489 3258 prouerbium
514 3188 615 3242 abiisse
640 3188 766 3242 stlitem
790 3188 885 3242 dirimi
908 3187 937 3241 iu
956 3187 1076 3257 Vergilii
1095 3186 1176 3241 testis
1200 3189 1324 3257 gratiam

149 3278 217 3333 locis
244 3277 318 3332 haud
345 3278 456 3348 paucis,
482 3295 551 3347 quos
578 3278 623 3332 hic
649 3293 667 3330 a
691 3271 734 3331 ine
763 3277 881 3346 aliisque
907 3280 1004 3331 auctos
1028 3275 1186 3332 adscribam
1211 3294 1323 3332 omnes:

149 3367 234 3437 Verg.
255 3371 322 3423 Aen.
343 3367 393 3420 Vll
413 3374 464 3422 317
490 3369 541 3422 lroc
563 3384 644 3438 perier
667 3372 747 3436 atque
770 3384 843 3422 socer
867 3372 960 3421 coeant
985 3367 1101 3421 mercede
1124 3381 1236 3421 suorum
1255 3371 1324 3436 (quo

151 3459 213 3512 loco
239 3457 312 3512 alter
338 3458 386 3512 ille
410 3456 447 3511 Vl
472 3463 523 3512 829
544 3476 584 3526 sq.
608 3457 691 3526 plane
716 3459 747 3511 ut
770 3454 914 3510 exornatio
938 3453 1139 3524 redarguitur),
1163 3454 1264 3509 Lucan.
1286 3456 1324 3510 lV

151 3552 201 3602 802
223 3552 247 3601 et
261 3564 343 3617 perses·
357 3553 437 3617 atque
451 3564 524 3601 socer
539 3548 605 3601 bello
620 3562 779 3601 carica-rrere
794 3546 862 3600 iussi
876 3543 1074 3612 simillimaque
1089 3542 1170 3599 Mart.
1186 3543 1224 3598 lX
1239 3550 1282 3612 70,
1297 3554 1324 3614 3,

150 3637 250 3690 Florus
270 3636 294 3688 ΙΙ
316 3644 357 3704 13,
380 3643 411 3690 13
431 3641 514 3691 rrrorte
533 3636 625 3690 Iuliae
644 3634 769 3689 Caesaris
787 3634 870 3700 filiae,
889 3649 958 3702 quoe
976 3638 1066 3701 nupto
1085 3632 1213 3701 Pompeio
1230 3636 1325 3701 generi

149 3727 286 3793 socerique
315 3727 487 3779 concordiam
513 3725 683 3779 rratriruonii
710 3723 816 3789 foedae
838 3722 1006 3786 continebat,
1033 3721 1133 3775 Minue.
1157 3720 1213 3776 Fel.
1236 3727 1283 3789 18,
1307 3730 1324 3778 6

149 3815 242 3884 generi
260 3820 285 3868 et
303 3815 389 3870 soceri
408 3816 477 3869 bella
492 3821 546 3869 toto
560 3815 623 3869 orbe
636 3814 754 3880 diffusa,
775 3812 868 3867 Sidon.
884 3811 976 3881 Apoll.
992 3826 1076 3865 carm.
1092 3811 1129 3864 lX
1144 3817 1195 3865 236
1210 3830 1237 3880 p.
1254 3819 1323 3867 1233

151 3903 231 3957 Sirnr.
257 3909 286 3957 ut
309 3920 389 3972 perier
413 3920 537 3973 socerque
554 3909 672 3974 cognata
691 3902 848 3970 inspaleriat
867 3903 898 3955 irs
922 3918 1000 3955 arrrea
1019 3900 1148 3967 Romam
1174 3918 1244 3954 unus
1264 3902 1322 3971 epi-

152 3991 242 4061 taphii
261 3993 367 4047 Lucani
386 4000 443 4048 u.2
463 3992 555 4063 [PLM.
579 3992 603 4045 V
623 4012 649 4062 p.
665 3993 730 4063 386]
750 3990 826 4046 locus
845 3990 946 4045 dubins
965 3993 1065 4057 restat,
1086 3992 1118 4044 ut
1135 3987 1247 4042 mittam
1265 4007 1323 4044 am-

154 4081 353 4151 plificationes,
377 4083 465 4137 ueluti
484 4083 634 4153 Augustini
655 4083 680 4137 d.
701 4099 724 4137 c.
744 4081 769 4135 (l.
790 4079 802 4132 l
820 4098 846 4149 p.
863 4086 896 4133 98
914 4078 1013 4133 Domb.
1037 4110 1066 4116 —
1090 4078 1137 4133 11.
1156 4078 1325 4146 imperator

152 4171 250 4225 unice.
287 4173 382 4242 potest
400 4173 453 4226 hoc
471 4172 500 4225 in
526 4172 639 4226 laudem
663 4170 752 4239 accipi
773 4173 817 4236 (=
836 4164 1088 4236 praestantissime,
1108 4171 1139 4220 ut
1158 4166 1219 4220 Liu.
1240 4166 1278 4220 Vl
1298 4173 1324 4236 6,

153 4264 184 4312 17
200 4262 316 4328 perinde
335 4280 417 4330 quam
436 4263 590 4331 opirriorrerrr
609 4264 642 4315 rte
656 4262 818 4329 imperatore
832 4256 926 4318 arrico,
943 4267 1002 4304 eom
1019 4267 1091 4317 spem
1110 4255 1143 4308 de
1157 4255 1225 4310 bello
1243 4257 1323 4311 lrabe-

152 4354 223 4415 rerst,
248 4350 360 4405 Sueten.
385 4352 449 4407 och.
477 4358 508 4406 lt
532 4352 711 4417 fortissimum
733 4349 839 4410 armm,
862 4341 973 4396 aarum
997 4338 1186 4406 imperatorer
1208 4347 1323 4412 moedi-
