2940 4912
609 313 894 370 rnousoouunu.
1296 316 1340 381 65

146 484 293 561 suspicor,
313 501 336 543 a
350 482 490 543 materia
503 482 626 559 quidem
646 483 809 543 imitationi
828 502 929 543 ansam
945 485 1131 561 potissimam
1145 485 1245 544 nobile
1264 484 1341 544 illud

145 584 311 661 Priapeum
343 583 379 641 in
409 580 472 640 fine
500 580 571 641 libri
599 581 614 640 I
644 579 807 641 Catulliani
836 583 967 657 positum
995 579 1116 663 (fragm.
1139 582 1186 642 III
1214 587 1245 643 et
1271 576 1339 662 IV),

142 701 335 758 quamquam
352 700 374 739 a
391 679 491 739 forma
505 679 756 755 praeplacuerunt
770 678 1015 756 hendecasyllabi
1030 699 1102 740 sane
1116 680 1340 740 commodiores,

143 781 289 839 nimirum
312 798 352 838 eo
374 796 468 853 acuo,
486 775 567 854 quod
586 777 715 852 Apuleio
733 776 884 837 Frontone
904 777 1000 838 Gellio
1019 779 1147 838 maxime
1166 783 1213 837 est
1235 777 1341 836 nobili-

143 886 241 938 tatum
272 876 500 953 scriptoribus,
527 894 587 933 non
614 874 714 950 potuit
741 893 800 935 non
827 877 945 952 placere
969 877 995 936 is
1018 881 1121 952 poeta,
1149 876 1255 953 quiin
1278 894 1338 935 ser-

142 997 231 1039 mone
256 996 318 1037 suo
344 975 451 1052 magis
474 973 512 1032 ad
534 973 648 1049 priscos
672 992 763 1049 quam
785 974 824 1032 ad
846 994 940 1036 nouos
959 968 1001 1056 (h.
1021 995 1046 1036 6.
1070 995 1104 1035 ex
1130 995 1218 1036 sensu
1242 979 1340 1052 poste-

143 1067 279 1155 riorum)
306 1075 379 1135 sine
401 1072 575 1149 augusteos
598 1073 703 1148 poetas
725 1072 849 1133 accedit.
879 1093 977 1150 nsque
997 1093 1068 1135 casu
1086 1075 1185 1134 hercle
1205 1074 1339 1150 configit,

143 1173 224 1251 quod
255 1173 347 1232 haud
376 1188 495 1248 paneae
521 1188 610 1257 uoces
638 1168 798 1230 aOatullo
826 1189 862 1230 ex
891 1172 972 1231 uitae
1000 1172 1182 1232 cottidianae
1210 1172 1340 1232 dictione

144 1271 245 1348 magis
272 1269 406 1346 uulgari
429 1273 568 1344 sumptae
591 1271 749 1327 recurrunt
772 1269 852 1344 apud
875 1270 1046 1346 Apuleium.
1084 1272 1136 1347 qui
1159 1289 1339 1347 quamquam

147 1372 296 1428 accurate
322 1369 404 1444 legit
422 1368 579 1426 Valerium
598 1360 765 1447 (testantur
788 1367 852 1426 eius
878 1369 990 1444 scripta
1012 1373 1044 1429 et
1062 1369 1163 1428 uincta
1187 1372 1217 1428 et
1241 1369 1340 1428 soluta

147 1469 292 1527 oratione
313 1467 486 1542 composita
504 1455 627 1546 omnia),
647 1468 747 1524 tamen
768 1483 845 1541 quae
864 1466 894 1523 in
908 1467 1010 1526 uerbis
1029 1485 1098 1526 cum
1117 1487 1151 1526 eo
1171 1469 1339 1526 communia

149 1567 246 1626 habet
275 1565 386 1642 potius
415 1565 583 1624 instaurato
610 1568 675 1623 tum
698 1562 788 1638 prisci
817 1564 961 1625 sermonis
990 1567 1059 1625 usui
1082 1564 1178 1624 debet.
1224 1565 1339 1625 Gellius

149 1670 257 1723 sutem
282 1683 323 1722 ex
348 1662 531 1723 testimoniis
555 1665 660 1721 notum
683 1663 731 1720 est
752 1679 842 1737 quam
867 1663 1015 1721 amnuerit
1038 1655 1089 1744 (cf.
1114 1667 1144 1722 et
1162 1663 1233 1721 XIX
1253 1666 1286 1739 9,
1307 1666 1339 1741 63

150 1763 192 1822 vl
220 1765 283 1838 20,
309 1763 330 1821 6
356 1762 589 1836 elegantissimas
605 1753 775 1839 poetar-nm)
798 1759 961 1837 seduloque
991 1762 1100 1838 legerit
1123 1765 1224 1820 uatem
1248 1761 1341 1821 Vero.

151 1881 295 1933 nensem,
322 1879 415 1936 quam
439 1860 587 1919 intentam
611 1876 713 1918 euram
736 1857 906 1933 inpenderit
927 1859 1027 1918 uerbis
1050 1860 1114 1919 eius
1138 1859 1340 1935 disceptandis

152 1966 183 2019 at
204 1958 401 2019 recensendo
419 1958 517 2018 textui
536 1961 601 2016 tum
619 1956 763 2032 temporis
783 1956 871 2017 ualde
890 1961 1035 2033 corrupto.
1073 1957 1125 2016 illo
1146 1957 1223 2016 enim
1243 1959 1340 2032 spatio

154 2060 248 2118 etiam
268 2057 540 2135 grammaticorum
555 2056 656 2114 studia
676 2054 754 2113 laete
772 2053 911 2113 florentia
929 2055 1108 2131 profuerunt
1123 2053 1256 2114 Catullo:
1276 2060 1341 2115 tum

156 2163 230 2233 puto
255 2155 402 2215 extit-isse
425 2155 691 2213 commentatorem
714 2153 814 2229 illum,
838 2153 922 2212 cuius
946 2154 1078 2230 uestigia
1100 2173 1154 2212 nos
1178 2153 1341 2229 deprehen·

156 2257 258 2315 dimus
285 2252 328 2312 ad
351 2252 366 2311 I
390 2256 405 2311 1
426 2256 501 2329 not,
523 2251 567 2310 IV
588 2254 621 2322 1,
645 2248 755 2327 exva
780 2253 811 2309 et
834 2251 872 2309 ad
896 2253 1022 2311 cundem
1046 2252 1077 2309 in
1097 2252 1203 2310 ultima
1226 2251 1341 2327 origine

158 2354 291 2414 16616666
309 2350 441 2411 redeunt
459 2349 605 2427 pauculae
623 2349 693 2407 illae
711 2349 831 2424 glossas
850 2349 888 2408 ad
907 2355 1043 2410 nostrum
1058 2349 1251 2426 pertinentes,
1266 2367 1340 2425 quas

159 2451 285 2528 collegit
314 2448 468 2525 Hauptiue
496 2467 595 2524 opusc.
623 2447 670 2506 III
697 2467 725 2522 p.
751 2448 825 2506 642.
873 2449 952 2507 circa
979 2449 1068 2508 finem
1102 2450 1202 2506 autem
1231 2447 1342 2506 saeculi

161 2572 186 2626 p.
206 2550 282 2610 Chr.
313 2547 438 2608 secundi
466 2550 500 2606 ut
526 2546 696 2606 litterarum
725 2544 825 2604 studia
852 2547 949 2624 magis
978 2546 1133 2623 magisque
1163 2550 1233 2604 sunt
1261 2546 1342 2606 facta

161 2651 251 2708 exilia
276 2654 372 2723 ablue
395 2645 493 2721 arida,
516 2645 560 2704 ita
579 2643 716 2703 Catullus
739 2644 886 2719 paulatim
906 2664 1084 2704 euanescere
1104 2644 1202 2719 coepit
1225 2664 1260 2702 ex
1281 2665 1340 2703 mc·

162 2748 258 2806 muria
278 2747 493 2804 Romanorum.
527 2743 649 2801 ultimus
668 2742 945 2820 grammaticorum,
964 2764 1052 2819 quem
1071 2745 1169 2820 ipsum
1190 2743 1263 2802 haec
1281 2763 1343 2802 car·
1364 2748 1368 2755 '

164 2849 243 2904 mina
269 2843 396 2902 triuissc
419 2860 496 2900 nunc
519 2840 639 2916 quidem
664 2840 784 2911 scimus,
809 2845 855 2898 est
879 2841 997 2901 Horatii
1021 2846 1236 2902 commentator
1257 2842 1341 2901 Pom-

165 2947 272 3020 ponius
292 2941 465 3017 Porphyrio
484 2939 703 2999 Frontonianus
728 2930 843 3019 (adfert
867 2944 901 2998 ut
924 2941 1016 2998 alium
1040 2942 1139 3000 locum
1156 2942 1200 2999 ita
1219 2962 1254 3000 ex
1273 2943 1343 3000 libri

165 3044 252 3116 primi
278 3041 340 3099 fine
363 3037 519 3115 deperdito
542 3038 744 3113 fragmentum
769 3037 841 3094 alibi
865 3056 924 3096 non
949 3031 1116 3117 traditum).
1164 3040 1342 3114 scriptorum

166 3156 266 3200 autem
291 3139 507 3215 posteriorum,
531 3137 582 3211 qui
609 3136 728 3212 quidem
751 3135 836 3193 nobis
861 3135 924 3193 noti
950 3140 1031 3207 suut,
1062 3155 1135 3211 quos
1164 3139 1279 3195 certum
1303 3137 1344 3195 sit

167 3241 277 3317 {egisse
301 3240 423 3311 integra
447 3233 559 3293 Catulli
582 3237 731 3309 poemata,
756 3251 815 3290 non
838 3233 933 3291 habeo
963 3234 1022 3292 nisi
1045 3233 1122 3290 forte
1148 3233 1343 3293 prudentium

167 3344 195 3395 et
216 3336 437 3408 Claudiauu1n3
465 3334 512 3391 hic
536 3333 614 3391 euim
642 3337 705 3391 tam
729 3330 848 3406 ingenio
877 3348 966 3406 quam
994 3331 1129 3389 doctrine
1157 3331 1290 3389 eminens
1313 3333 1344 3389 in

168 3433 352 3495 lasrenninis
376 3432 439 3490 suis
463 3429 578 3489 similes
602 3430 681 3488 fetus
707 3428 892 3488 Catullianos
916 3432 1019 3504 aperte
1043 3429 1181 3502 respexit.
1213 3430 1265 3486 sod
1289 3448 1343 3487 nec

170 3534 337 3604 Ausonius,
361 3550 542 3606 quamquam
566 3528 781 3604 praelationem
810 3528 848 3584 ad
872 3526 1043 3585 Cornelium
1066 3525 1195 3584 fortasse
1223 3544 1259 3584 cx
1282 3526 1343 3584 An·

169 3631 305 3708 tholegia
331 3629 458 3704 quadam
478 3628 627 3704 cognitam
646 3626 773 3698 hebens,
796 3629 894 3684 totum
914 3623 1066 3683 Catullum
1085 3623 1203 3698 legerat
1220 3643 1274 3682 nec
1292 3628 1346 3682 aut

169 3731 310 3791 Sidonius
331 3726 516 3803 Apollinaris
540 3730 592 3785 aut
610 3726 788 3784 Dracontius
812 3727 866 3782 aut
884 3723 1033 3781 Luxorius
1057 3725 1110 3780 aut
1129 3721 1273 3782 Boethius
1293 3727 1346 3782 aut

171 3829 385 3900 hierimiauu83
408 3825 460 3900 qui
488 3824 513 3882 si
536 3825 653 3900 quando
681 3823 720 3882 ad
747 3826 883 3881 nostrum
913 3819 1055 3879 adludere
1084 3821 1225 3879 uidentur
1252 3822 1345 3880 nomi-

170 3934 280 3987 nantue
304 3944 389 3996 eum,
414 3943 473 3982 non
497 3922 625 3999 propriis
654 3922 760 3981 studiis
785 3921 894 3997 uiaque
918 3920 1038 3979 derecta
1066 3919 1119 3977 illa
1142 3920 1346 3996 adsumpsisse

172 4077 225 4085 α’.
237 4073 387 4084 .-—--—

172 4172 269 4226 ultima
288 4167 433 4224 adludunt
451 4165 486 4220 ad
510 4183 533 4219 c.
553 4166 563 4220 1
586 4172 630 4233 10,
654 4166 727 4219 unde
750 4162 904 4232 ‘iocisque'
925 4164 962 4218 ad
986 4162 1234 4219 commendandam
1255 4177 1346 4214 emen·

171 4254 314 4307 dationem
336 4248 405 4303 ibid.
425 4266 451 4300 u.
472 4253 487 4301 6
513 4247 588 4301 haud
607 4235 728 4316 paruum
746 4246 860 4300 confert.
881 4277 914 4285 -
935 4246 1003 4299 datu
1022 4243 1166 4299 occasione
1186 4259 1299 4308 moneo,
1320 4242 1347 4294 in

170 4335 290 4387 carmine
313 4330 366 4384 illo
386 4344 411 4381 u.
429 4333 463 4381 46
483 4327 579 4381 adesso
604 4328 733 4380 lacunam
753 4325 794 4380 sic
812 4327 868 4381 fere
889 4326 1056 4396 explendam
1076 4323 1183 4391 Cupido
1202 4320 1347 4393 (flaccone,

170 4416 189 4455 ‘⁸
207 4415 300 4468 tristes
319 4412 383 4464 aine
400 4409 498 4463 meare
516 4407 599 4480 ipae>
617 4408 752 4463 Bacchas.

217 4513 358 4555 Carvanca
374 4507 409 4549 ed
424 4505 547 4548 Baehrens.
569 4506 600 4547 11.
1119 4499 1134 4549 ᾗ
