2940 4912
172 327 238 391 541)
557 325 631 380 LXX
649 331 727 380 2-4,
764 324 852 379 LXXI
872 331 949 380 1-2.

172 490 270 542 raulicr
288 505 339 542 sua
363 505 445 557 qaam
467 493 505 554 te,
529 487 610 542 simul
635 490 730 542 tamen
753 505 817 541 cum
839 489 969 557 respectu
991 488 1035 541 est
1052 486 1160 542 dictum
1183 488 1260 543 illius
1286 491 1348 545 ‘nu-

171 577 258 632 bere'.
287 576 361 644 quod
381 580 411 630 et
428 577 519 646 ipsum
538 593 597 631 rem
615 579 726 646 turpem
745 577 845 631 decoro
864 576 1002 631 uocabulo
1017 576 1114 631 uelans
1136 578 1345 634 ‘concumbere’

171 667 227 720 scre
247 665 388 735 designat3
409 665 443 720 ct.
464 665 555 720 Plaut.
576 665 635 719 Cas.
655 665 725 732 118,
745 671 778 719 41
799 664 944 720 4101461
966 670 989 734 1,
1009 671 1057 733 453
1077 666 1141 721 Sen.
1155 667 1227 722 rhet.
1242 686 1268 737 p.
1284 675 1346 738 220,

174 760 205 808 15
225 755 257 808 K.
277 757 393 821 moriar,
416 756 474 809 aiei
496 755 596 809 aubcrc
613 755 691 809 dulce
709 760 754 809 cei.
792 772 857 809 nam
880 755 969 809 aede
992 753 1067 808 iusto
1085 755 1205 810 conubio
1224 756 1348 814 ineundo

172 845 311 913 cogitasse
322 843 449 898 Lesbiam
464 845 621 898 statuamus
632 845 715 912 (quae
727 861 790 897 mea
800 843 866 897 olim
882 845 943 898 crat
953 842 1114 913 sententia),
1128 847 1209 900 aetat
1218 846 1319 901 LXXII
1332 854 1345 900 1

76 938 78 943 “
172 937 201 988 41
223 950 305 1003 44444
329 931 440 988 dicendi
458 932 587 999 uerbum,
612 933 686 1001 quod
711 934 884 988 monstrante
908 949 991 987 uersa
1015 934 1099 988 tertio
1123 932 1169 988 hic
1188 934 1279 990 utitur
1296 954 1345 992 no·

171 1024 247 1078 tione
267 1022 464 1093 promittendi,
485 1027 515 1077 41
533 1022 620 1076 LXIV
637 1028 687 1076 148
707 1026 736 1077 41
751 1023 831 1077 Ouid.
848 1040 872 1076 a.
888 1040 913 1076 a.
929 1021 1034 1078 111436
1053 1040 1123 1093 qaae
1140 1024 1238 1079 dicerni
1256 1027 1346 1093 uobis,

171 1114 302 1167 dixerunt
320 1113 393 1166 mille
407 1113 509 1180 praeliis
528 1111 662 1181 alibique.
700 1112 734 1167 ci.
754 1111 876 1167 imitatio
895 1130 939 1182 ap.
961 1110 1036 1166 Suet.
1057 1113 1083 1167 d.
1103 1131 1219 1183 gramm.
1242 1119 1274 1168 18
1293 1117 1347 1170 acii

173 1200 308 1256 Crassicio
330 1217 357 1255 sc
380 1202 453 1254 dicit
476 1202 728 1255 subcrescens-
752 1200 781 1254 2.
804 1215 864 1255 non
888 1200 915 1256 si
939 1215 970 1256 44
995 1201 1136 1271 14441144
1159 1202 1225 1271 1444
1249 1206 1345 1272 44141.

171 1291 206 1344 de
227 1290 293 1344 ‘nou
314 1289 347 1344 si’
370 1289 457 1342 LXIX
475 1295 498 1344 3.
540 1291 657 1358 ‘petere’
684 1291 729 1360 (cf.
750 1307 882 1360 graecum
902 1288 1002 1360 alceia)
1024 1291 1100 1360 apud
1117 1292 1217 1361 444144
1240 1293 1345 1348 latinos

172 1379 304 1449 exprimit
321 1377 513 1448 germanicum
535 1376 658 1447 ‘fteien’,
677 1381 821 1434 attamen
842 1395 937 1434 sensus
963 1379 1085 1434 lasciuus
1105 1381 1179 1435 haud
1198 1398 1261 1435 raro
1280 1400 1344 1437 cum

172 1484 239 1522 uoce
264 1485 298 1522 ea
323 1467 360 1521 sit
379 1467 489 1522 iunctas
508 1468 554 1537 (ad
574 1466 752 1522 concubitum
773 1470 893 1537 petere);
917 1469 950 1523 41.
977 1487 1018 1526 ex.
1038 1489 1078 1540 gr.
1098 1470 1165 1524 Aen.
1186 1471 1292 1526 111164
1317 1476 1347 1528 46

171 1559 269 1611 contra
292 1557 357 1612 Hor.
377 1557 421 1612 od.
442 1558 452 1609 l
476 1563 523 1624 33,
545 1563 591 1624 13,
616 1556 695 1626 Ρ444.
717 1557 742 1610 11
763 1563 808 1625 14,
828 1563 875 1623 21,
900 1558 1064 1613 Maximiani
1087 1557 1159 1629 eleg.
1181 1568 1209 1626 1,
1229 1567 1271 1615 66.
1309 1563 1346 1617 ad

171 1649 260 1700 totam
284 1647 453 1700 seutentiam
479 1650 545 1715 apte
568 1645 700 1701 AStatius
725 1664 767 1716 cp.
792 1647 882 1702 Plaat.
907 1645 968 1703 (las.
993 1647 1018 1701 lI
1042 1654 1125 1716 414
1149 1651 1250 1718 444441
1274 1654 1346 1705 caim

171 1737 226 1804 ipsi
245 1753 285 1789 rae
303 1751 489 1790 coriccssurroa
511 1736 590 1801 Ioui,
608 1737 634 1789 ei
651 1737 676 1790 is
695 1752 796 1790 urceum
814 1742 904 1790 oraret
923 1738 952 1789 46
971 1735 1051 1791 Ouid.
1071 1738 1151 1807 epist
1171 1743 1198 1805 4,
1217 1745 1251 1793 36
1272 1741 1345 1810 Hip·

167 1826 293 1894 polyium
315 1825 413 1878 uidear
432 1826 628 1895 praepositura
653 1826 731 1891 Ioui,
757 1824 877 1894 Vulpius
901 1825 930 1879 et
953 1824 1033 1879 Ouid.
1060 1829 1125 1881 met.
1145 1827 1197 1880 VII
1220 1833 1271 1884 801
1296 1848 1345 1885 neo

170 1915 250 1968 Iouis
273 1914 323 1967 illa
348 1930 402 1968 mco
426 1915 546 1968 thalamo
570 1916 722 1983 praeferret
745 1930 854 1969 amores.
876 1946 908 1954 -
933 1914 963 1969 a.
987 1914 1062 1970 dicit
1080 1930 1105 1970 4.
1124 1932 1165 1972 ni.
1184 1918 1294 1987 cupida
1313 1935 1344 1987 4.

171 2002 247 2057 diali
265 2003 388 2058 amanti.
426 2004 550 2072 grauiter
569 2005 720 2073 repetitum
739 2002 852 2058 dicendi
870 2003 986 2058 uerbum
1006 2004 1043 2058 ad
1062 2003 1247 2074 significanda
1271 2026 1345 2063 uana

170 2092 320 2162 promissa,
340 2092 396 2146 iam
412 2092 537 2147 Muretus
552 2110 594 2160 cp.
611 2093 777 2147 Callimachi
792 2093 879 2163 epigr.
895 2099 939 2161 26,
958 2093 1007 2147 ubi
1021 2093 1120 2149 eodem
1135 2096 1219 2151 modo
1234 2093 1344 2165 ὤμοσεν

170 2181 294 2235 iteratur.
333 2180 469 2252 ‘cupido',
489 2182 523 2235 41.
543 2181 630 2235 LXIV
652 2188 714 2249 146,
739 2182 821 2236 Ouid.
841 2201 895 2237 arn.
914 2183 940 2236 Il
959 2189 989 2248 6,
1009 2188 1043 2238 26
1066 2200 1114 2237 seu
1131 2186 1225 2239 tulerit
1243 2189 1345 2256 cupido

170 2271 257 2325 modis
276 2272 366 2325 arar'ca
384 2272 461 2338 ciro,
485 2270 620 2342 Lygdum.
642 2279 671 2339 4,
691 2278 733 2326 52.
756 2304 786 2310 -
812 2270 841 2325 4.
866 2271 896 2326 ln
917 2272 1008 2327 nauto
1031 2272 1189 2342 41444114
1207 2275 1345 2332 scribere

170 2360 292 2429 oportet
306 2374 394 2427 4444.
423 2361 492 2412 nota
506 2363 550 2413 cst
562 2376 664 2429 graeca
678 2360 765 2414 dictio
781 2359 821 2423 εἰς
831 2354 907 2429 ὕδωρ
917 2358 1038 2428 γράφειν
1049 2362 1192 2432 (Sophocl.
1203 2364 1234 2419 ir.
1246 2370 1296 2418 741
1308 2365 1343 2422 N.

170 2450 233 2516 (694
248 2447 293 2518 D.)
308 2443 409 2517 ὅρκους
425 2444 480 2517 ἐγώ
495 2443 631 2516 γυναικὸς
646 2446 686 2510 εἰς
700 2443 776 2515 ὕδωρ
791 2445 905 2518 γράφω,
921 2448 1002 2503 Plato
1018 2448 1135 2503 Phaedr.
1152 2456 1214 2518 276,
1230 2452 1343 2509 Lucian.

170 2538 272 2607 calapl.
292 2541 350 2607 21);
370 2538 441 2593 bene
455 2538 574 2607 Vulpius
594 2554 636 2606 cp.
652 2538 798 2607 Augustin.
814 2538 841 2590 d.
857 2555 879 2591 c.
895 2537 1049 2592 (1.111Χ23
1065 2538 1102 2609 [ll
1121 2558 1147 2610 p.
1162 2547 1215 2596 343
1229 2543 1341 2616 Domb.]

169 2629 239 2694 sorte
261 2630 350 2695 mapia
368 2629 472 2697 poteris
496 2629 526 2681 irs
550 2629 630 2696 44464
653 2629 784 2696 inpressis
808 2628 907 2681 litteris
928 2629 1044 2682 seribere
1068 2670 1093 2683 ..
1116 2647 1199 2699 qaam
1218 2634 1343 2700 pollutae

170 2733 276 2770 reseces
299 2719 400 2785 impiae
422 2719 519 2771 uaeris
540 2709 656 2772 4144444.
694 2715 827 2787 graphice
850 2720 945 2770 autem
970 2716 1091 2786 ‘rapido'
1112 2718 1238 2773 additur:
1261 2739 1344 2777 omne

170 2804 319 2874 uestigium
340 2806 496 2860 litterarum
516 2807 587 2860 sorte
606 2806 780 2874 signatarum
800 2806 897 2859 statim
917 2805 1000 2860 diluit
1019 2805 1145 2861 concitus
1159 2809 1250 2862 amnis
1264 2812 1341 2880 (444,

170 2893 230 2948 Tib.
247 2895 285 2948 III
301 2891 374 2963 3,81.
400 2894 440 2949 ‘in
460 2897 544 2950 uento
564 2896 695 2950 seriberc'
716 2896 763 2964 qui
784 2895 897 2962 dixerit,
922 2913 977 2949 uon
997 2897 1076 2950 extat
1094 2896 1217 2966 scriptor
1236 2900 1340 2954 latinus

169 3001 333 3053 graecusae3
354 2987 421 3039 nota
440 2989 504 3038 4441
522 2984 663 3054 prouerbii
682 2984 769 3038 instar
788 2985 865 3038 dicta
880 2985 957 3038 ‘darc
977 2985 1064 3038 uerba
1082 2985 1110 3038 in
1125 2988 1246 3056 uentos’,
1268 2989 1342 3058 ‘pro

170 3073 285 3127 fundere
305 3092 387 3128 44444
407 3075 435 3126 14
455 3075 565 3127 444644’
587 3074 754 3142 similiaque.
788 3073 893 3142 quodni
912 3073 985 3127 14414
1003 3072 1148 3143 incognita
1166 3077 1237 3130 latet
1255 3078 1342 3133 dictio

169 3177 283 3232 graeca,
303 3162 428 3215 confusio
447 3161 545 3215 adesse
565 3163 676 3215 uidetur
696 3162 770 3216 illius
791 3164 831 3217 ‘in
851 3180 924 3231 aqua
942 3163 1073 3216 scribere’
1090 3182 1152 3218 cum
1168 3166 1252 3219 solita
1266 3166 1342 3221 locu·

168 3250 245 3303 tione
264 3248 345 3318 Prop.
365 3250 390 3302 ll
410 3257 452 3316 28,
473 3258 488 3304 8
507 3253 643 3319 4411144141
666 3254 798 3305 iurarunt
817 3252 962 3321 (puellae),
984 3259 1082 3306 uenias
1100 3260 1125 3306 et
1144 3257 1220 3309 crida
1239 3257 1342 3322 144441,

170 3337 249 3392 Ouid.
262 3354 315 3393 am.
328 3337 353 3389 lI
367 3345 406 3404 16,
417 3344 450 3393 46
466 3340 549 3393 acrba
563 3341 728 3408 puellarum,
743 3343 819 3407 soliis
829 3343 933 3396 leuiora
948 3344 1067 3408 caducis,
1081 3345 1169 3396 inrita
1184 3361 1237 3413 444
1251 3348 1342 3400 uisum

170 3432 206 3482 441
225 3432 324 3480 444144
342 3433 366 3480 ct
384 3429 463 3483 arada
480 3431 573 3495 ferum
593 3428 637 3495 (41.
654 3433 683 3484 46
696 3431 732 3483 ad
747 3431 823 3483 XXX
840 3434 891 3499 10).
921 3430 1016 3499 411444
1036 3432 1114 3485 nulla
1132 3450 1216 3487 causa
1230 3434 1342 3488 uidetur

169 3518 279 3584 adesse,
304 3535 352 3572 cur
371 3517 411 3571 ‘in
432 3518 508 3572 uino’
529 3520 680 3588 reponatur
703 3525 816 3574 auctore
836 3518 948 3573 (lisania
973 3520 1018 3589 (41.
1039 3521 1068 3573 46
1087 3523 1178 3575 Burm.
1199 3522 1234 3575 ad
1256 3524 1341 3577 Antb.

168 3608 218 3662 lat.
240 3609 250 3661 I
270 3626 297 3677 p.
317 3611 392 3676 641),
413 3608 563 3662 secundum
584 3609 654 3662 illud
674 3608 714 3670 sic
733 3606 811 3663 οἶνον
829 3606 951 3677 γράφειν
970 3610 1081 3677 (Athea.
1103 3611 1126 3663 X
1146 3629 1170 3679 p.
1191 3615 1276 3678 4410).

240 3697 380 3767 Scriptum
406 3701 447 3751 441
466 3698 519 3752 boc
538 3698 698 3766 poematica
718 3702 848 3767 (quocum
874 3699 1028 3767 comparari
1054 3702 1148 3768 potest
1166 3699 1293 3753 LXXXV
1313 3705 1343 3756 et

169 3786 332 3854 LXXXVII)
351 3787 434 3855 paulo
453 3790 519 3856 post
538 3786 793 3841 reconciliationem
807 3785 974 3853 amantium,
994 3786 1020 3841 h.
1037 3788 1173 3842 academ
1191 3789 1248 3840 1444
1268 3793 1339 3842 tem-

167 3895 235 3947 pore
253 3895 315 3931 cum
336 3876 443 3931 CVllll.

690 4031 810 4088 nm.

241 4147 273 4214 1,
293 4147 321 4200 2.
347 4145 440 4213 Siqua
465 4145 533 4200 ulra
558 4145 635 4201 bono
660 4146 848 4200 sacratorum
872 4143 993 4199 46411611
1015 4143 1120 4196 hircus
1143 4142 1197 4194 441
1221 4142 1338 4210 siquam

168 4235 277 4290 ruerlto
304 4235 391 4288 larda
419 4235 554 4304 podagra
582 4237 673 4290 secat.
717 4234 745 4287 in
772 4234 825 4288 hoc
851 4231 973 4287 carmine
999 4231 1092 4286 omnia
1117 4230 1182 4281 sunt
1207 4235 1340 4301 cormpta

168 4328 252 4392 atque
277 4325 408 4386 obscura;
438 4323 490 4377 lroc
514 4327 623 4378 tautum
648 4323 675 4376 in
700 4323 859 4377 uniuersum
884 4322 1013 4390 apparet,
1037 4318 1081 4387 agi
1107 4318 1140 4371 de
1164 4319 1339 4376 nesciocuius

168 4412 292 4480 aemulo,
315 4412 363 4480 441
386 4414 415 4466 41
438 4411 516 4467 hirco
540 4414 569 4466 et
592 4413 718 4482 podagra
741 4411 850 4466 laboret
868 4412 952 4478 atque
971 4407 1036 4460 hinc
1059 4406 1132 4460 inter
1155 4409 1337 4466 concubitum
