2940 4912
592 326 640 381 LV
659 333 702 382 aa.
740 327 801 382 LVI
821 335 897 383 1-3.
1263 328 1328 391 279
1435 331 1438 335 ’

155 489 254 559 &aar
271 488 370 558 palato
393 491 440 558 (=·
463 487 542 558 loqui
564 486 684 557 nequii),
711 489 777 544 Hor.
803 491 854 543 sat
880 487 906 541 11
925 495 950 558 3,
969 494 1021 544 214
1040 487 1116 557 (hinc
1135 489 1210 544 Pere.
1232 495 1256 556 1,
1275 492 1329 559 35).

154 575 220 633 Hor.
247 577 330 648 epod:
352 582 395 646 11,
414 583 447 631 aa
471 579 603 633 obseratis
625 578 748 634 aucta.
769 609 802 618 —
822 578 869 633 22.
893 578 963 632 ‹lum
986 578 1084 633 uestri
1108 577 1151 634 sls
1174 577 1328 648 particeps

155 667 277 723 neria
314 667 386 722 haee
403 665 507 722 libriv
526 665 664 735 scriptura
681 667 831 736 propterea
850 669 893 721 est
911 666 1077 735 reiectanea,
1097 667 1170 736 quod
1188 683 1240 722 nec
1257 668 1329 722 ‘ues-

154 755 203 810 tri’
228 756 306 812 ualet
328 753 495 825 simpliciter
520 754 584 809 ‘tui’
609 771 661 809 neo
686 753 851 825 ‘particeps'
876 755 951 810 idem
974 757 1018 810 est
1036 773 1069 811 so
1089 756 1213 827 ‘potens’
1234 756 1328 825 (modo

153 843 192 899 ris
214 843 244 899 in
265 861 361 900 amore
383 846 434 900 tuo
457 846 558 914 potens
581 843 640 900 sine
664 843 751 913 felir).
789 845 863 913 quod
883 843 908 900 a
931 862 981 915 pro
1004 845 1084 900 uaria
1101 845 1221 901 lectione
1240 845 1329 901 habet

154 932 290 1004 tinxitque
312 933 343 988 iu
364 932 452 989 libros
471 933 624 989 deteriores
644 933 768 1002 ‘nostri’,
793 934 925 988 Astatiae
945 934 986 989 ita
1004 933 1140 1004 explicat:
1166 935 1210 989 ‘ut
1227 935 1277 988 tua
1295 936 1327 989 tn

154 1038 205 1076 nos
223 1022 295 1078 celes
313 1019 431 1093 gandia,
452 1039 502 1078 nos
520 1024 550 1078 te
568 1025 664 1078 tamen
683 1024 843 1078 nostrorum
862 1021 943 1078 nobis
961 1041 1087 1079 amorum
1106 1023 1248 1078 conscium
1267 1039 1327 1078 esse

154 1110 302 1168 uolumus!
341 1111 438 1168 lustin.
458 1111 471 1166 I
489 1119 515 1182 4,
534 1119 550 1166 6
569 1112 705 1182 Harpapo
723 1114 795 1182 repis
808 1128 973 1167 arcanorum
984 1114 1120 1184 participi
1133 1115 1178 1183 (=
1194 1113 1327 1182 conscio).

152 1217 206 1257 nec
227 1205 321 1257 nmen
345 1201 399 1256 hac
422 1200 544 1257 lectione
568 1200 747 1255 difficultates
770 1217 865 1256 omnes
889 1204 1081 1266 remoueatur,
1105 1201 1165 1256 siue
1184 1200 1327 1257 Catullum

153 1307 220 1346 nere
238 1291 403 1360 promittere
423 1291 452 1344 et
471 1290 505 1344 de
525 1289 645 1344 lucentii
670 1306 765 1344 amore
789 1289 937 1346 certiorem
960 1291 1099 1346 facturum
1122 1307 1182 1345 esse
1207 1290 1327 1345 amicum

152 1378 214 1434 sins
236 1380 331 1450 potius
354 1379 492 1449 promisso
517 1378 615 1434 doloso
638 1380 713 1434 huno
731 1379 797 1434 noui
816 1380 909 1433 nuntii
927 1380 1056 1448 cupidum
1078 1377 1273 1450 curiosumque
1292 1397 1326 1435 ex

154 1468 277 1524 tenebris
300 1469 356 1523 suis
379 1468 481 1523 elicere
500 1467 574 1523 uelle
592 1468 754 1523 statuimus:
778 1474 906 1524 remanet
928 1469 1078 1538 nescioquo
1101 1471 1184 1538 pacto
1210 1468 1326 1539 aliquid,

153 1559 228 1628 quod
247 1574 265 1611 a
282 1556 406 1613 carmina
430 1555 560 1613 uniuerso
585 1557 735 1612 abhorrere
758 1557 878 1612 uidetur.
921 1562 950 1612 et
973 1558 1046 1612 male
1071 1574 1099 1612 ee
1128 1558 1216 1612 habet
1242 1559 1328 1613 lectio

154 1647 280 1718 uulgaris
293 1664 312 1702 a
326 1646 470 1717 Scaligero
484 1646 597 1701 inuecta
613 1645 711 1700 ‘uestri
725 1645 789 1700 sim’
806 1646 955 1715 (Auectius
970 1648 1036 1701 aute
1056 1646 1154 1701 ‘uestri
1170 1646 1221 1701 sim
1237 1647 1327 1718 ego’);

151 1736 291 1792 namhoc
311 1736 425 1804 ‘taceae
446 1735 470 1789 si
489 1736 546 1802 uis,
565 1735 648 1790 modo
668 1735 794 1790 conscius
814 1736 878 1789 sim’
900 1736 1036 1791 absonum
1056 1752 1115 1790 esse
1135 1738 1228 1806 patet,
1247 1738 1328 1805 patet

151 1812 254 1881 tuatim
273 1823 479 1895 oppositionem
500 1823 642 1893 requirere
661 1824 714 1879 hoo
735 1825 854 1892 taceas,
877 1825 901 1879 si
921 1825 977 1892 uie,
1001 1824 1077 1891 aliis,
1101 1825 1184 1879 modo
1203 1841 1256 1895 ego
1275 1824 1328 1879 sim

151 1913 301 1971 eomoius‘.
338 1930 391 1968 neo
409 1911 544 1984 intellego
563 1912 727 1984 Rossbergii
745 1913 816 1967 illud
838 1912 935 1981 ‘oeri’,
955 1931 1017 1968 cum
1039 1915 1131 1969 ‘uerus
1156 1914 1244 1969 amor'
1270 1911 1327 1968 diei

151 2003 243 2059 soleat
256 2004 350 2058 castra
366 2004 534 2071 sanctosque
548 2002 598 2069 (XI
615 2004 667 2071 19),
682 2002 794 2072 qualem
809 2003 881 2072 apud
898 2006 991 2058 scorta
1006 2006 1079 2070 (cum
1090 2003 1192 2071 quibus
1202 2019 1258 2056 uns
1268 2018 1328 2056 esse
1402 1995 1408 2005 '

150 2093 309 2163 suspicatus
323 2092 385 2147 arat
398 2090 520 2146 amicum
535 2091 575 2160 Ο.)
590 2092 637 2146 uix
651 2089 775 2162 repperit
789 2091 940 2147 Camerina.
977 2095 1070 2163 potest
1085 2092 1198 2146 subesse
1214 2090 1322 2146 ‘fausti’

150 2182 198 2238 ael
218 2180 347 2236 ‘dextri'r
367 2195 432 2234 caro
451 2180 542 2235 amieo
561 2180 690 2250 quamuis
709 2181 849 2236 taciturno
869 2182 963 2236 omnia
982 2181 1073 2236 fausta
1092 2181 1172 2250 optet
1190 2181 1282 2249 poeta.

222 2269 264 2324 Ex
295 2269 438 2325 mentions
470 2270 595 2340 porticus
623 2269 786 2341 Pompeiae,
819 2289 904 2340 quam
938 2274 969 2326 ut
999 2288 1057 2325 rem
1086 2286 1187 2324 nouam
1221 2269 1325 2324 diserte

149 2362 353 2416 commemorat
379 2359 478 2430 poeta,
506 2359 685 2414 manifestum
714 2361 758 2431 lit,
786 2362 893 2416 aestate
921 2362 978 2416 lere
1006 2361 1072 2414 anni
1095 2364 1129 2413 55
1153 2360 1204 2413 hos
1228 2374 1325 2413 uersus

148 2451 260 2506 iooosos
279 2465 339 2505 asse
358 2447 538 2518 compositos.
1286 2471 1288 2474 ⁴

696 2605 782 2661 LVI.

222 2717 251 2772 1.
270 2716 293 2773 0
312 2730 378 2771 rem
396 2716 569 2788 ridiculam,
589 2716 674 2787 Cato,
694 2719 726 2771 et
744 2716 886 2775 iocosam.
923 2716 1046 2771 dubitari
1064 2717 1171 2786 nequit,
1191 2715 1257 2784 quin
1271 2715 1325 2770 hoc

149 2807 310 2877 poemation
330 2807 367 2861 eit
384 2806 498 2861 missum
518 2806 553 2861 ad
569 2805 713 2860 Valerium
728 2806 862 2862 Catonem
877 2807 1100 2876 grammaticum,
1120 2805 1155 2861 de
1170 2823 1225 2875 quo
1240 2823 1325 2875 supra

148 2914 177 2965 p.
193 2901 208 2950 8
223 2913 283 2964 sqq.
298 2895 365 2963 dixi,
380 2896 413 2948 nt
425 2896 591 2965 interpretes
607 2895 733 2964 plerique
749 2912 845 2949 omnes
860 2897 1024 2950 statuerunt.
1061 2913 1152 2965 neque
1166 2894 1225 2949 ullo
1239 2894 1323 2950 modo

149 2988 196 3039 eat
216 2983 363 3050 credibile,
388 2983 425 3037 ad
448 2985 485 3037 M.
510 2984 637 3039 Porcium
663 2983 796 3040 Catonem
821 2985 980 3040 Uticensem
1004 2986 1056 3040 hos
1079 3003 1174 3039 uersus
1199 2985 1324 3055 spectare

150 3074 206 3139 (ut,
229 3071 367 3143 quidquid
392 3072 502 3126 monuit
523 3071 581 3126 iam
604 3072 744 3140 Muretus,
768 3072 924 3141 nuperrime
949 3072 1003 3127 sibi
1027 3074 1166 3143 persuasit
1190 3074 1327 3142 Ellisius),

148 3161 252 3232 qnippe
278 3178 296 3215 a
324 3161 402 3215 cuius
429 3160 580 3215 seueritate
609 3161 713 3231 rigida,
743 3179 814 3230 quae
842 3163 899 3216 lere
923 3163 953 3217 in
976 3163 1156 3233 prouerbium
1181 3163 1253 3217 abiit
1277 3164 1326 3233 (cf.

149 3250 351 3306 Rittershusius
375 3249 410 3303 ad
431 3248 546 3304 Phaedr.
567 3249 604 3304 lV
625 3256 649 3316 7,
670 3258 702 3304 11
727 3252 809 3306 lector
829 3251 909 3319 Colo,
933 3251 1004 3306 Plin.
1029 3252 1110 3322 epist.
1137 3253 1174 3307 lll
1199 3260 1230 3307 11
1258 3259 1325 3307 tunc

149 3357 189 3394 sse
210 3342 254 3395 ael
272 3341 359 3409 opidi
378 3340 468 3408 teporat
488 3341 626 3408 Catones),
651 3340 802 3394 abhorreat
820 3357 933 3410 prorsus
954 3341 1034 3395 huius
1053 3341 1183 3396 carminis
1203 3342 1324 3394 materia

148 3445 213 3484 sane
231 3427 352 3483 ridicula
370 3432 399 3482 et
417 3429 520 3497 iocosa,
540 3429 588 3483 sed
607 3445 678 3498 quae
698 3433 809 3485 austero
828 3430 942 3486 uirtutis
957 3431 1080 3485 exactori
1101 3430 1186 3485 bilem
1202 3431 1326 3484 mouerit

147 3536 203 3574 non
220 3517 406 3574 mediocriter.
427 3548 460 3557 —
479 3516 509 3573 2.
529 3517 709 3586 dignamque
728 3519 853 3574 auritus
873 3521 904 3575 ct
921 3520 975 3575 tuo
994 3519 1152 3575 cachinno.
1191 3519 1262 3573 ‘tuo’
1284 3519 1320 3571 ad

149 3611 297 3676 utrumqne
321 3605 530 3662 substantiuum
554 3609 691 3676 pertinet,
719 3611 750 3663 ut
774 3611 840 3663 Aen.
867 3611 877 3663 Ι
904 3616 955 3664 553
978 3611 1058 3664 socies
1082 3616 1106 3663 et
1130 3626 1189 3678 repe
1213 3613 1324 3678 recepto.

148 3698 203 3754 cir.
229 3697 265 3752 ad
284 3697 351 3752 lem.
372 3695 409 3749 Vl
431 3703 455 3765 7,
474 3702 490 3749 3
510 3702 548 3750 tot
567 3699 648 3751 malis
667 3704 722 3752 tum
742 3700 879 3765 uinctam,
903 3704 958 3753 tum
978 3701 1097 3767 fractam
1115 3699 1237 3754 startiam
1256 3699 1323 3752 sort-

148 3788 228 3842 tesdi
259 3787 327 3856 qaid
359 3785 474 3851 dicaam
507 3787 622 3840 ararites
655 3794 704 3842 aut
731 3789 875 3856 probabile
903 3794 992 3857 potest
1024 3789 1143 3856 offerre?
1188 3790 1270 3844 Prud.
1300 3806 1315 3842 o

147 3877 250 3946 Symm.
271 3875 304 3930 11.
325 3880 377 3928 401
396 3876 618 3944 quaequaeve
637 3878 730 3931 ualeat
744 3879 898 3947 sapientum
912 3879 999 3948 diona
1014 3879 1167 3934 cachinno?
1199 3883 1323 3933 ceterum

148 3964 338 4035 Westphalius
367 3980 423 4018 non
448 3963 532 4019 nimis
556 3965 739 4034 probabiliter
766 3967 878 4034 statuit,
907 3966 935 4020 in
960 3969 1013 4022 hoc
1037 3966 1118 4021 initio
1143 3967 1323 4022 obuersatum

146 4073 203 4112 ease
224 4052 337 4110 Catullo
357 4051 450 4107 lecum
474 4053 637 4108 Archilochi
661 4055 705 4125 [ir.
732 4061 765 4109 ta
791 4056 833 4126 B.]
857 4052 1043 4125 Ἐρασμονίδη
1063 4057 1200 4123 Xooltore,
1229 4056 1327 4123 ppr'ppot

145 4165 186 4200 ros
204 4148 315 4214 peroret
337 4139 416 4210 ἐρέω,
436 4139 506 4195 πολὺ
527 4138 646 4211 φίλταθ’
669 4138 796 4211 ἑταίρων,
815 4143 931 4212 τέρψεαι
952 4141 980 4198 δ’
997 4140 1119 4198 ἁκούων.
1141 4175 1173 4184 -
1193 4144 1222 4198 tl.
1242 4144 1320 4216 ride,

145 4232 289 4304 quitquid
308 4244 406 4301 111118,
433 4230 521 4302 Calo,
543 4231 706 4288 Catullum.
744 4234 820 4287 uitae
841 4234 1011 4288 cottidianae
1031 4236 1091 4287 erat
1111 4233 1242 4300 formula,
1268 4251 1323 4302 qua

144 4342 237 4394 praees
260 4319 459 4378 commendare
485 4320 627 4386 solebant,
660 4321 721 4375 Ter.
747 4322 847 4377 Hesut.
872 4321 908 4373 IV
934 4328 993 4389 o,1
1020 4339 1098 4386 coar,
1121 4323 1146 4375 si
1169 4340 1210 4376 me
1234 4341 1322 4378 ornae

142 4413 195 4469 cu.
216 4412 252 4467 ad
274 4409 306 4473 Q.
328 4409 360 4462 fr.
380 4406 405 4460 ll
428 4416 466 4476 10,
487 4415 502 4461 4
522 4411 625 4475 adduc,
648 4411 674 4463 si
691 4429 731 4465 mc
749 4429 839 4479 aoros,
864 4412 992 4465 Marium
1011 4414 1039 4465 ct
1057 4411 1093 4464 ad
1112 4413 1170 4464 Att.
1193 4413 1214 4465 V
1239 4418 1279 4481 lt,
1304 4418 1320 4465 5
