2940 4912
216 309 282 373 212
575 393 578 399 Ι
675 310 790 366 xxxvl
811 318 923 366 rr-rs.

214 475 353 539 acceptam
371 470 442 535 fecit.
481 468 594 540 plenam
612 470 781 527 locutionem
805 471 852 526 hic
875 470 993 526 adhibet
1015 473 1109 542 poeta.
1147 472 1240 528 ‘iace’
1266 470 1393 541 priscum

215 557 332 628 (Neuius
352 558 377 611 II
396 577 422 627 p.
437 563 490 612 438
506 565 577 626 sqq.)
602 559 661 612 siue
685 559 719 613 ob
739 562 859 614 metrum
878 559 939 614 siue
962 561 991 615 in
1010 560 1131 617 formula
1154 559 1312 632 antiquitus
1336 562 1394 617 tra

214 648 275 702 dila
292 647 460 701 adhibitum.
480 677 514 686 -
534 647 581 700 17.
601 646 628 702 sl
646 662 707 702 non
726 648 886 718 lllepldum
905 663 1002 717 neque
1021 649 1216 706 Inuenustum
1235 650 1293 703 est.
1332 649 1392 716 ἐῢ,

216 739 248 791 ιιι
266 735 382 791 LXXVI
403 742 443 790 19.
481 736 516 789 cf.
535 734 561 788 X
579 742 609 801 ις
636 752 805 805 quamquam
824 737 870 791 bic
893 755 948 792 non
968 738 1027 794 siue
1050 737 1187 810 peculiari
1209 738 1330 809 quodem
1351 755 1393 794 re·

217 829 315 895 spectu
332 825 446 879 Veneris
460 827 503 879 est
515 823 640 894 positum
656 825 721 879 ‘uon
735 826 927 881 inuenustnm’
944 830 988 896 (τι
1002 830 1032 882 te
1047 827 1188 898 dignum),
1209 827 1243 882 cf.
1257 843 1393 898 graecum

217 911 426 982 ἀναφρόδιτον,
446 907 596 981 ἇκύθηρον
615 911 681 978 (Cic.
697 913 733 966 ad
748 914 814 968 iarn.
830 913 855 967 V
870 920 913 982 32,
930 922 944 968 1
963 921 995 970 at
1013 915 1084 968 nibil
1103 921 1159 971 tam
1177 916 1214 969 sr't
1231 910 1393 984 ἅκύθηρον,

215 1005 287 1072 qaod
305 1019 362 1055 non
382 1003 468 1056 alicui
486 1007 631 1056 acaustam
649 1017 703 1055 case
721 1002 871 1070 uideatur).
896 1033 930 1042 —
954 1002 1002 1057 18.
1029 1002 1061 1058 at
1079 1015 1134 1058 uos
1153 1002 1271 1059 interea
1288 1004 1393 1060 uenltc

214 1093 248 1147 lu
269 1092 381 1158 ignem.
419 1090 560 1145 ‘interea'
582 1088 656 1157 (XIV
676 1093 734 1156 21),
758 1089 817 1145 scil.
837 1095 869 1146 ut
887 1092 977 1161 possit
995 1090 1089 1145 Venus
1113 1092 1211 1145 uotum
1233 1092 1327 1147 tacere
1346 1109 1394 1147 ao·

214 1183 335 1251 ceptum.
373 1180 458 1234 Anth.
478 1179 527 1233 lat.
548 1184 612 1243 183,
632 1184 648 1232 2
668 1178 822 1249 [ΡΙ.11.111
842 1198 870 1249 p.
887 1179 949 1250 179]
975 1196 1037 1250 erpo
1060 1181 1112 1234 ibit
1129 1181 1162 1234 ia
1179 1182 1256 1250 ignes
1277 1198 1392 1252 aragne·

211 1288 262 1340 pac
280 1269 429 1337 doctiloqui
446 1267 578 1321 morietur
598 1267 686 1321 Musa
706 1267 858 1322 Maronis?
884 1299 917 1308 —
943 1268 990 1322 111.
1014 1268 1097 1338 plenl
1122 1269 1207 1324 ruris
1229 1271 1262 1325 et
1286 1269 1392 1326 lnllce·

213 1358 337 1414 tlarum·
368 1355 473 1422 ‘ruris',
492 1355 673 1424 rusticitatis,
691 1356 812 1410 rusticae
830 1356 1017 1426 insipientiae,
1036 1359 1068 1411 ut
1082 1356 1173 1412 Plaut
1188 1361 1269 1413 most
1285 1360 1297 1412 Ι
1314 1365 1338 1426 1,
1356 1366 1389 1415 16

215 1463 265 1501 rus
282 1446 351 1499 milri
368 1450 399 1497 tu
417 1444 549 1510 abacos,
568 1442 729 1512 Honcpist.
746 1444 812 1510 112,
832 1432 883 1498 rio
901 1450 1012 1499 rrraaent
1030 1448 1148 1516 uestigia
1165 1449 1249 1502 raris.
1280 1445 1392 1517 ‘iufic.’,

217 1529 278 1603 (ἆπ.
297 1536 377 1602 tea),
396 1532 430 1587 ef.
449 1530 525 1587 XXII
549 1538 589 1586 14.

286 1621 427 1691 Scriptum
446 1637 507 1676 esse
530 1621 584 1675 hoe
603 1637 716 1675 carmen
734 1621 832 1676 statim
855 1625 920 1691 post
938 1621 1025 1691 cv11,
1053 1640 1198 1679 commune
1218 1626 1331 1697 utrique
1349 1642 1393 1681 re·

215 1711 350 1767 stituendi
369 1709 485 1765 uerbum
504 1708 627 1764 dilucide
650 1710 832 1766 demonstrat
870 1713 900 1765 et
922 1712 957 1766 de
976 1728 1031 1766 uno
1050 1716 1160 1768 tautum
1178 1712 1301 1768 discidio
1321 1732 1392 1769 una·

213 1818 267 1871 que
286 1799 462 1856 restitutione
482 1799 598 1853 scimus:
617 1800 786 1868 posthanc,
805 1800 860 1854 etsi
878 1801 981 1856 Lesbia
999 1801 1103 1857 iterum
1123 1819 1141 1859 a
1158 1803 1212 1857 fide
1231 1818 1287 1858 nou
1309 1805 1392 1858 stetit

214 1892 243 1944 in
261 1890 321 1944 dies
342 1887 431 1958 magis
451 1886 560 1955 labens,
579 1891 675 1943 tamen
694 1889 729 1942 ab
749 1891 875 1946 amat-ore
893 1890 923 1944 in
943 1892 1069 1946 aemulos
1084 1891 1143 1947 tela
1155 1908 1243 1961 nsque
1260 1891 1392 1948 uibrante

214 1996 269 2032 nou
292 1979 370 2047 prius
395 1980 440 2032 est
462 1976 573 2032 deserta
596 1995 680 2045 quam
706 1980 782 2033 omni
805 1997 853 2049 spe
879 1980 990 2035 abiecta
1013 1982 1087 2034 huuc
1111 1997 1234 2036 amorem
1253 1980 1302 2037 ille
1327 1981 1392 2037 tnn-

215 2068 290 2121 ditus
308 2066 429 2135 abrupit.
468 2066 516 2120 sed
536 2067 570 2120 de
589 2064 705 2121 Lesbiae
725 2067 754 2120 in
773 2069 895 2137 gratiam
915 2087 977 2123 curn
997 2071 1083 2140 poeta
1100 2069 1242 2125 redeuntis
1262 2070 1392 2139 consilio,

215 2173 270 2225 quo
294 2155 448 2225 pessimum
471 2154 596 2225 aliquem
619 2157 732 2225 poetam
755 2156 815 2225 igni
838 2157 1005 2225 destinauit,
1028 2175 1102 2213 nnnc
1125 2160 1316 2226 quaerendum
1336 2164 1390 2216 est.

213 2249 243 2300 et
262 2245 367 2313 priores
387 2261 448 2298 cnm
468 2244 540 2298 hanc
558 2243 752 2312 quaestionem
770 2245 844 2299 sicco
863 2248 896 2298 ut
914 2244 994 2299 aiunt
1011 2245 1083 2314 pede
1101 2245 1310 2302 transiluissent
1330 2249 1391 2304 fere

213 2351 310 2389 omnes
330 2337 411 2402 (unus
429 2334 574 2387 Turnebus
598 2333 626 2386 in
650 2333 735 2404 lignis
758 2333 918 2388 infelicibus
938 2332 1043 2388 ‘latere
1066 2333 1279 2405 epigrammatis
1304 2352 1390 2408 argu·

213 2427 271 2478 tarn
291 2423 447 2477 lasciniam'
468 2422 522 2477 sibi
541 2422 706 2492 persuasit),
725 2421 920 2491 Westphalius
939 2421 978 2493 [p.
998 2423 1046 2493 60]
1065 2424 1106 2478 ita
1124 2425 1239 2491 statuit,
1259 2423 1390 2480 differen-

212 2513 281 2567 tiam
301 2513 441 2583 quandam
460 2509 602 2565 indicandi
625 2511 711 2565 fuisse
729 2511 804 2566 inter
822 2513 962 2566 amantes:
990 2511 1159 2567 delectatam
1179 2529 1239 2568 esse
1259 2512 1389 2570 Lesbiam

216 2601 321 2656 Volusii
350 2599 532 2665 carminibus,
561 2615 632 2666 quae
658 2599 686 2656 C.
711 2601 893 2656 auersaretur.
936 2618 1033 2655 uerum
1061 2601 1135 2655 enirn
1163 2618 1244 2668 uero,
1271 2607 1305 2658 ut
1331 2603 1391 2658 alia

213 2691 338 2756 mittam,
363 2689 445 2743 nimis
468 2689 562 2742 hercle
587 2688 657 2743 leuis
681 2707 725 2744 res
748 2693 792 2744 est
814 2691 884 2746 haec
908 2689 1112 2744 aestimationis
1136 2689 1285 2747 diuersitas
1303 2709 1389 2761 quarn

213 2795 286 2848 quae
305 2780 335 2832 in
352 2795 382 2832 re
402 2781 460 2832 tam
479 2777 568 2846 graui,
588 2777 678 2845 qualis
697 2780 758 2833 erat
777 2779 846 2834 hacc
859 2777 1064 2846 reconciliatio,
1084 2779 1176 2834 locum
1193 2780 1306 2834 habeat.
1335 2798 1389 2852 ego

213 2882 305 2919 meam
329 2865 498 2920 sententiam
520 2867 576 2920 iam
601 2867 668 2920 olim
688 2883 712 2921 a
735 2872 803 2922 1874
823 2867 917 2939 [Auel.
936 2866 1038 2923 Catull.
1064 2886 1090 2938 p.
1108 2868 1153 2939 15]
1177 2868 1320 2924 declaraui
1343 2870 1389 2924 bis

212 2955 304 3008 uerbis
323 2958 422 3024 (neque
441 2972 514 3009 nunc
532 2955 609 3008 illius
628 2973 672 3010 me
692 2956 841 3026 paenitet):
863 2955 993 3028 ‘pessimi
1016 2958 1116 3027 poetae
1135 2957 1241 3027 scripta
1260 2959 1386 3028 pessima

214 3043 338 3098 Volcano
358 3060 388 3101 υ
406 3044 535 3098 daturam
560 3061 636 3111 esse,
661 3062 727 3100 sane
750 3046 843 3101 iocose
867 3047 1015 3117 lepideque
1038 3048 1156 3101 nouerat
1173 3045 1284 3102 Lesbia.
1320 3065 1388 3103 narn

213 3131 365 3202 pessimum
384 3135 498 3202 poetam
517 3134 568 3186 aut
586 3149 639 3202 ego
658 3134 771 3204 egregie
787 3134 873 3189 fallor
887 3139 937 3189 aut
950 3136 1042 3205 ipsum
1055 3135 1147 3189 uoluit
1159 3150 1220 3190 esse
1236 3133 1389 3206 Catullum,

212 3223 310 3277 eadem
330 3238 381 3276 usa
398 3221 598 3292 ambiguitate,
617 3240 674 3291 qua
693 3225 825 3279 Horatius
845 3227 907 3298 [sat
927 3224 951 3279 lI
971 3233 996 3292 1,
1014 3230 1048 3278 82
1064 3224 1138 3295 sqq.]
1156 3225 1259 3292 malm
1277 3241 1389 3280 cumea

213 3311 299 3380 dixit,
329 3311 438 3366 scilicet
465 3314 497 3365 ut
520 3315 664 3385 tamquam
686 3312 985 3370 maledicentissimum
1010 3330 1074 3367 eum
1099 3314 1312 3384 perstringeret,
1339 3316 1390 3386 qui

211 3405 272 3457 tam
291 3405 384 3456 truces
402 3400 523 3469 iambos,
547 3419 570 3456 c.
590 3401 667 3470 VIII,
693 3401 721 3456 in
746 3403 824 3457 illam
849 3403 1018 3458 uibrauerat.
1056 3399 1181 3457 Catullus
1204 3406 1298 3458 autem
1323 3420 1387 3459 cum

212 3492 283 3545 bene
303 3489 381 3545 illius
399 3491 524 3560 leporem
545 3494 582 3559 (n.
603 3494 647 3560 10)
666 3491 850 3562 perspiceret,
876 3489 956 3562 quasi
974 3490 1084 3546 nescius
1102 3493 1190 3559 esset,
1209 3491 1236 3546 in
1256 3508 1308 3547 sua
1326 3510 1389 3549 aar·

213 3579 290 3634 mine
308 3579 416 3634 intendi
435 3579 553 3647 crimen,
576 3580 669 3636 iocose
692 3584 724 3636 ut
743 3581 779 3635 ad
798 3580 920 3636 iocosam
945 3579 1067 3650 puellam
1087 3578 1209 3647 Volusii,
1231 3584 1334 3650 poetae
1357 3600 1388 3639 re

214 3684 283 3722 uera
301 3666 428 3737 pessimi,
448 3669 564 3723 annales
583 3673 680 3724 notum
699 3674 858 3740 susceptum
877 3671 1018 3725 soluturos
1037 3684 1096 3723 esse
1115 3669 1275 3739 rescripsit'
1304 3671 1389 3726 nimi·

212 3775 273 3810 rum
299 3755 402 3811 Lesbia
424 3757 452 3810 in
476 3758 705 3814 reconciliatione
730 3759 822 3815 facere
846 3759 937 3814 noluit
961 3758 1036 3812 idem
1062 3757 1137 3826 quod
1161 3756 1281 3813 amicam
1308 3761 1389 3817 iubet

214 3845 346 3899 Horatius
366 3845 410 3900 orl.
430 3846 440 3897 I
463 3852 509 3912 16,
530 3852 546 3900 2
569 3850 642 3916 quod
660 3851 814 3903 criminosis
833 3865 943 3918 cumque
961 3848 1153 3902 aeternalem
1168 3853 1260 3915 portes
1278 3850 1389 3921 iendis,

213 3937 272 3988 siue
290 3936 400 4002 {lamma
419 3936 478 3989 siae
496 3937 569 3989 mari
587 3938 651 3991 libet
670 3938 827 3992 Hadriano.
856 3954 929 3992 nunc
947 3939 1040 3991 antem
1055 3938 1088 3989 ut
1099 3935 1290 4004 intellegimus
1304 3939 1388 3994 attri-

212 4024 311 4078 butum
333 4023 482 4093 ‘pessimus
501 4025 597 4094 poeta'
618 4027 709 4096 regeri
733 4027 761 4080 in
785 4027 873 4098 ipsam
894 4025 1025 4080 Lesbiam
1047 4024 1096 4078 illo
1118 4024 1250 4094 ‘pessima
1268 4027 1387 4096 puella',

212 4113 252 4166 its
276 4130 357 4168 uersu
380 4113 501 4167 secundo
525 4113 649 4183 apertior
672 4116 705 4170 fit
728 4115 814 4170 dictio
835 4117 900 4183 ‘pro
924 4130 987 4168 mea
1009 4112 1130 4180 puella’,
1150 4110 1290 4182 siquidem
1313 4117 1387 4172 tam·

212 4218 297 4268 quam
319 4201 503 4271 praeueniens
527 4201 657 4258 Lesbiam
680 4220 801 4273 suosque
830 4221 925 4258 uersus
951 4202 987 4255 ab
1012 4200 1127 4253 interitu
1152 4201 1300 4257 uindicaui
1325 4206 1386 4275 ipse

212 4304 321 4343 sacrum
346 4292 538 4359 exequendum
562 4293 680 4361 suscipit
703 4292 837 4347 Catullus.
879 4293 908 4343 et
931 4287 1100 4355 singularem
1124 4287 1180 4341 iam
1205 4293 1386 4359 persentiscis

212 4377 398 4446 bilarItatem,
417 4398 473 4449 qua
491 4382 627 4436 amasiam
647 4381 778 4436 callidam
798 4377 953 4434 calliditate
971 4374 1083 4427 uincens
1102 4374 1278 4448 uictoriaque
1296 4399 1387 4441 ouans
