2940 4912
545 303 632 358 xuni
652 311 730 359 s-s.
768 304 854 359 xciv
878 313 899 360 1.
1243 306 1308 371 235
1416 334 1420 338 ·

144 466 234 532 im,
255 481 281 520 a
305 481 331 520 a
356 464 368 517 Ι
388 470 441 520 613
460 472 484 520 et
502 471 594 521 teretes
612 466 712 535 digitos
730 466 910 535 exiguumque
923 468 1029 535 perlem)
1050 467 1109 521 sius
1128 467 1203 521 latus
1223 467 1307 521 nimis

143 552 295 624 planasque,
315 556 347 608 ut
365 552 417 609 iila
435 555 464 609 in
479 555 581 610 Morsti
600 575 626 609 u.
646 561 680 610 36
699 558 823 625 spatiosa
833 557 954 626 prodiga
967 558 1072 624 planta.
1088 586 1121 595 -
1137 570 1193 610 neo
1208 555 1307 622 nigris

144 643 249 698 ocellis.
285 660 396 698 summo
420 644 451 698 in
474 645 578 699 bonore
603 645 684 699 erant
707 642 782 714 nigri
805 644 892 712 oculi,
918 648 950 699 ut
973 663 1005 699 ex
1025 646 1091 700 Hor.
1116 645 1160 700 od.
1179 643 1191 696 I
1211 650 1254 710 32,
1275 650 1307 698 ll

144 732 196 800 (nbi
218 733 252 787 ci.
276 733 443 800 Lambinus)
472 737 501 787 et
524 751 548 787 a.
575 751 601 802 p.
626 740 659 788 37
685 734 730 786 sat
753 735 872 788 constat.
914 734 1002 789 Varro
1026 735 1077 790 sat.
1102 732 1174 789 Men.
1200 738 1252 787 376
1276 733 1307 788 Β.

143 822 207 877 oculi
219 823 377 892 suppactuli
395 822 508 891 nigellis
519 824 635 891 pupulis
648 825 681 877 a!
700 839 782 891 quam
795 823 963 877 bilaritatem
977 824 1163 891 significantes
1177 828 1308 876 annuunt

145 910 181 976 (rt.
199 910 313 965 Mucell.
333 909 401 966 orit.
423 929 449 980 p.
472 912 523 978 15).
543 942 576 951 -
596 911 625 966 8.
644 925 700 966 noc
719 912 820 978 longis
835 911 952 978 digitis.
990 912 1129 981 oblongis,
1143 912 1264 981 proceris
1279 913 1309 964 st

145 999 281 1067 tentibum
300 1000 385 1069 Prop.
404 999 428 1053 11
448 1006 479 1068 2,
498 1005 515 1053 6
533 1002 615 1066 salua
633 1017 709 1056 consa
727 1008 766 1056 cst
784 1002 930 1070 longaeque
948 1018 1046 1056 666666
1065 1007 1089 1055 ct
1114 1003 1236 1056 6166666
1253 1005 1308 1055 toto

144 1105 242 1158 corpore
259 1094 284 1143 et
301 1090 405 1144 incedit
424 1089 467 1143 ael
483 1090 552 1144 Ioue
567 1090 653 1160 digna
673 1106 751 1144 soror
765 1088 842 1159 (ibid.
859 1089 884 1142 ll
900 1095 942 1156 12,
961 1095 995 1144 28
1010 1096 1035 1144 et
1048 1091 1149 1159 digitos
1163 1096 1187 1145 et
1200 1091 1309 1144 lumino

145 1179 216 1247 nigra
230 1179 338 1248 puellas
356 1178 464 1246 canit),
487 1178 570 1247 Apul.
594 1179 651 1232 flor.
678 1186 710 1232 16
736 1178 775 1249 [p.
797 1183 838 1245 17,
860 1178 972 1250 11116]
995 1195 1094 1233 manus
1117 1180 1320 1252 6666166666,
1364 1246 1367 1251 .

143 1269 295 1336 amne.
318 1298 353 1307 —
374 1280 430 1321 ncc
453 1280 506 1321 ors
530 1265 622 1321 sicco.
657 1265 741 1336 Apul.
765 1267 839 1336 apol.
864 1273 898 1321 69
921 1267 950 1321 iu
974 1267 1161 1338 descriptione
1180 1268 1304 1322 hominis

144 1355 210 1411 iocdi
225 1357 361 1412 66666166
378 1357 483 1421 oculos,
506 1356 573 1410 cilia
593 1357 748 1424 turpentia,
772 1357 872 1410 rictum
890 1357 1058 1423 restrictum,
1080 1358 1204 1412 saliuosa
1222 1357 1307 1424 labio,

145 1462 224 1500 socen
245 1447 381 1501 absarrum
406 1443 490 1498 -1,
512 1457 570 1498 nsc
593 1457 665 1499 sans
690 1443 781 1499 nimis
804 1444 944 1511 siogante
962 1444 1079 1511 lingua.
1115 1446 1308 1500 1666616666-

144 1532 255 1603 ciperem
278 1535 349 1589 haec
371 1532 407 1586 ds
431 1532 530 1602 lingua
552 1531 634 1586 nimis
662 1535 757 1588 exorta
780 1533 925 1602 conligens
944 1533 1000 1588 Cic.
1025 1533 1050 1589 d.
1076 1551 1115 1588 or.
1139 1533 1164 1588 Ii
1188 1542 1231 1603 66,
1255 1540 1307 1590 166

145 1622 246 1678 Gallam
272 1624 305 1678 in
328 1623 466 1677 Mariano
493 1627 568 1676 scuto
593 1621 752 1677 Cimbrico.
773 1623 957 1688 ,distortum
985 1623 1069 1678 decta
1092 1624 1203 1692 lingua,
1232 1625 1308 1679 tucis

142 1713 293 1779 tlmtibus,
325 1712 350 1766 si
379 1710 518 1780 ‘elegans’
549 1710 586 1764 ad
613 1711 737 1780 corporis
769 1715 867 1780 partes
893 1714 1021 1780 spectare
1049 1714 1145 1781 posset
1178 1713 1245 1780 (Cic.
1274 1714 1309 1767 ad

143 1801 211 1857 l'am.
233 1801 273 1855 [Χ
296 1807 343 1869 19,
366 1806 382 1854 ‘i
406 1816 488 1854 aures
511 1800 643 1871 alcyonios
657 1800 804 1854 'translate
828 1803 872 1854 est
894 1799 1021 1870 dictum).
1059 1817 1111 1855 nec
1129 1803 1224 1855 tamen
1243 1819 1305 1856 oum

143 1890 274 1960 plerisque
293 1889 384 1944 resero
403 1891 453 1943 sut
472 1889 507 1942 ad
528 1888 663 1944 sermonis
681 1888 817 1943 inconditi
834 1889 993 1943 barbarism
1011 1893 1061 1943 aut
1080 1889 1117 1944 ad
1130 1890 1309 1946 balbutiendi

144 1979 250 2048 uitium,
272 1978 324 2034 sed
347 1979 381 2033 de
400 1978 480 2033 uocis
498 1993 566 2032 sono
586 1981 670 2046 atque
689 1977 891 2047 pronuntiandi
909 1977 1017 2033 rationo
1037 1979 1159 2049 expli003
1184 1981 1218 2034 cf.
1238 1979 1310 2036 Gell.

144 2068 201 2124 Xlli
219 2076 262 2137 16,
283 2075 316 2124 18
334 2069 420 2122 laius
438 2069 514 2122 66616
528 2084 589 2122 essm
603 2069 751 2138 elegantior
764 2069 813 2122 lroc
826 2068 858 2121 in
872 2069 929 2123 loco
943 2085 1027 2123 66666
1046 2075 1091 2123 est.
1131 2069 1221 2139 Priap.
1237 2075 1279 2137 19,
1295 2076 1310 2124 2

145 2176 195 2213 soa
210 2159 328 2213 niniam
346 2157 416 2211 casti
434 2173 455 2210 c.
471 2172 501 2225 p.
520 2156 587 2222 iocir
608 2156 697 2209 ‘sane’
719 2173 905 2225 synonymum
926 2160 979 2226 (ex.
999 2175 1041 2227 gr.
1062 2159 1123 2212 Ter.
1143 2159 1194 2214 Ad.
1215 2158 1310 2226 ΗΒ

146 2249 214 2303 laud
231 2263 297 2301 sane
315 2246 495 2310 commodum
519 2246 553 2300 cl.
572 2245 607 2298 ad
627 2245 651 2298 X
670 2247 698 2314 4)
723 2246 758 2298 ad
777 2246 932 2315 augendam
954 2245 1177 2301 adfirmationem
1196 2247 1310 2316 insuper

144 2343 182 2392 at
198 2336 333 2391 additum.
356 2366 389 2376 —
408 2335 438 2390 6.
461 2335 513 2390 ton
532 2334 693 2404 prouincia
714 2337 821 2390 narrat
839 2349 905 2391 csso
925 2334 1051 2390 ballaml
1090 2337 1192 2402 ‘tene’,
1216 2334 1311 2402 talem,

144 2438 197 2482 tara
214 2426 337 2494 laedam,
360 2443 423 2480 cum
443 2426 613 2493 contemptu
636 2424 749 2479 effertur
772 2424 1005 2494 praeponiturqus
1030 2424 1140 2493 (eadem
1163 2425 1238 2479 illius
1261 2441 1312 2495 per

145 2516 308 2586 anaphoram
327 2512 442 2584 repetiti
468 2513 582 2567 ‘tecum’
604 2519 661 2567 n'l
684 2512 744 2582 uis).
784 2513 962 2582 ‘prouincia’‚
981 2513 1039 2568 scil.
1055 2512 1149 2568 Gallia
1163 2512 1312 2583 Cisalpina,

145 2622 189 2674 pro
208 2602 430 2675 ‘prouinciales’.
470 2603 598 2667 ‘narrat’,
617 2601 801 2668 (licitumst,
821 2604 854 2655 ut
872 2601 933 2656 Ter.
952 2601 1062 2656 Phorm.
1082 2604 1107 2657 il
1126 2610 1150 2669 3,
1171 2608 1205 2656 54
1222 2604 1311 2670 tilium

146 2711 238 2749 narras
255 2693 343 2748 milri?
374 2691 407 2748 cf.
423 2693 454 2746 st
470 2691 544 2745 infra
560 2691 716 2745 vailao.
737 2722 771 2731 -
793 2692 819 2746 7.
839 2691 948 2746 Lesbia
966 2693 1081 2746 nostra.
1109 2709 1163 2745 non
1183 2689 1224 2745 iia
1242 2691 1311 2746 haec

148 2783 305 2853 accipienda
320 2784 362 2848 (ut
378 2781 468 2835 iecere
487 2779 635 2847 nonnulli),
655 2780 736 2848 quasi
750 2783 808 2834 tum
829 2798 890 2834 eum
907 2779 1006 2834 Lesbia
1023 2781 1051 2834 in
1072 2782 1173 2834 bonam
1193 2781 1312 2850 gratiam

145 2871 251 2926 radiarit
269 2873 362 2940 posta.
400 2870 447 2938 qui
464 2870 520 2923 iam
535 2869 639 2922 dudum
655 2869 794 2923 euolserat
807 2885 840 2922 ex
855 2866 948 2921 animo
964 2886 1073 2922 onmem
1088 2870 1163 2924 iliius
1178 2888 1311 2938 amorem,

145 2960 187 3014 sed
210 2978 281 3015 nunc
305 2962 419 3030 propter
443 2958 576 3012 iniectam
602 2957 743 3012 Ameanas
767 2975 830 3011 cum
855 2958 957 3012 Lesbia
980 2959 1215 3028 comparationem
1239 2960 1311 3014 hanc

145 3051 338 3105 commemorat
352 3051 496 3117 tamquam
511 3065 598 3114 suam,
614 3046 640 3102 h.
656 3066 678 3101 s.
694 3048 841 3117 pristinam
856 3049 992 3102 amasiam
1007 3048 1176 3102 carminibus
1191 3050 1310 3103 multum

146 3141 321 3205 celebratam,
345 3138 440 3193 auimo
464 3137 563 3192 sedato
586 3135 794 3205 tranquilloque
818 3141 846 3190 et
868 3137 952 3205 pisus
976 3138 1009 3190 ut
1027 3137 1110 3192 iudex
1129 3139 1189 3193 sius
1207 3139 1312 3192 arbiter

145 3228 333 3297 pulcritudinis
351 3226 381 3281 in
400 3244 459 3281 rem
479 3228 568 3281 solam
588 3227 719 3281 intentus.
746 3258 776 3265 --
804 3225 832 3279 s·
856 3240 874 3279 o
894 3226 1025 3280 saeclum
1044 3226 1198 3295 insapiens
1217 3230 1248 3281 ot
1267 3227 1311 3280 in·

146 3318 278 3373 iacetani.
316 3318 350 3371 cf.
374 3315 437 3370 XIV
462 3322 504 3370 13.
544 3314 708 3384 ‘insapiens’
735 3333 784 3383 pro
809 3314 920 3383 uulgari
946 3314 1099 3383 ‘insipiens’
1125 3317 1263 3369 interdum
1284 3316 1312 3369 in

146 3423 263 3461 sermono
287 3405 420 3460 familiari
444 3410 474 3460 et
491 3404 603 3474 plebeio
623 3402 781 3458 adhibitum
801 3405 925 3470 uidetur,
949 3404 1022 3457 unde
1041 3404 1131 3473 Caper
1152 3406 1208 3474 [Gr.
1230 3404 1259 3458 L.
1279 3404 1310 3457 ll.

147 3494 192 3548 l'll
208 3515 235 3565 p.
256 3502 315 3562 110,
335 3496 364 3566 ἵ]
383 3496 527 3564 insipieus,
546 3510 601 3548 non
621 3495 767 3562 iruapisns.
806 3495 841 3547 de
863 3493 970 3548 ‘inias’
993 3493 1025 3546 ci.
1045 3494 1080 3545 ad
1100 3492 1178 3546 XXil
1198 3499 1238 3546 14.

665 3647 782 3703 XLIV.

212 3764 240 3818 l.
267 3762 291 3819 θ
315 3762 407 3818 lunda
435 3763 541 3817 noster
569 3776 622 3815 seu
646 3760 754 3815 Sabine
785 3775 836 3815 ssu
866 3759 987 3814 Tiburs.
1029 3761 1198 3815 sententiam
1221 3762 1313 3832 aperit

146 3851 205 3909 lior.
220 3856 271 3907 sat.
288 3851 312 3905 ll
330 3858 353 3917 1,
368 3857 401 3904 31
418 3868 515 3919 sequor
529 3852 610 3914 isaac,
626 3850 1142 3918 666666666666166,6666666666
1160 3851 1312 3905 Venusinus

144 3950 203 3997 crat
215 3944 297 4008 [6666
315 3941 365 3994 sub
381 3946 525 4009 utramque
539 3942 663 3994 colonus:
683 3939 780 3994 eodem
801 3940 884 3993 modo
904 3940 1005 3993 fundus
1021 3938 1124 3994 Catulli
1138 3941 1214 3994 hauri
1229 3939 1312 4006 longo

145 4031 277 4085 s'i'iburu
297 4029 324 4083 in
346 4029 465 4083 confinio
484 4028 646 4083 Latinorum
666 4032 695 4083 st
714 4028 879 4082 Sabinorum
900 4028 969 4083 situs
989 4032 1061 4096 erat,
1081 4029 1153 4082 undo
1173 4030 1207 4081 rui
1228 4047 1311 4095 quam

144 4126 241 4175 tunam
265 4119 421 4189 pertineret
442 4118 491 4172 ille
511 4118 625 4172 dubium
651 4135 711 4172 osse
730 4119 830 4186 potuit
871 4117 970 4170 similis
994 4116 1121 4172 condicio
1146 4120 1206 4170 crat
1228 4116 1313 4171 uillae

145 4209 326 4268 lioratiaaae:
350 4207 425 4261 Suet.
450 4205 499 4260 uit.
521 4207 586 4262 lior.
610 4208 684 4261 uiuit
703 4209 856 4275 pilariorum
880 4209 910 4260 in
933 4223 1037 4260 recessa
1055 4208 1131 4260 ruris
1148 4208 1194 4259 sui
1212 4207 1313 4261 Sabini

142 4308 188 4354 ast
205 4299 358 4354 Tiburtini.
396 4296 458 4367 big.
474 4295 495 4347 L
512 4302 553 4362 16,
568 4303 618 4349 211
634 4298 718 4361 tandi
732 4298 914 4365 appellatione
928 4312 1004 4349 oniae
1019 4297 1174 4362 aedificium
1188 4303 1212 4350 rt
1225 4300 1313 4351 omnis

142 4406 204 4459 aper
216 4388 376 4444 cardinales
380 4406 390 4451 ;
403 4386 449 4440 sed
464 4387 495 4440 in
509 4402 562 4439 usu
576 4386 686 4440 urbana
700 4387 827 4452 aedificia
842 4387 928 4451 aedes,
948 4386 1054 4439 rustica
1067 4386 1153 4439 uillas
1165 4387 1313 4451 66666166,-
