2940 4912
152 292 220 356 240
655 293 725 348 XLV
747 300 824 348 1-3.

149 469 306 522 recusasse,
330 454 412 510 modo
434 453 539 525 [Fleclr.
565 471 627 510 anu.
656 460 723 510 1878
749 473 776 524 p.
796 455 861 524 262]
880 471 944 509 eum
964 454 1112 510 incitatum
1131 470 1195 524 spe,
1220 453 1281 509 tore
1299 460 1334 509 nt

149 541 330 611 imitaretur,
355 542 457 598 librum
483 543 564 597 illum
591 544 626 597 ab
650 547 764 598 auctore
786 560 901 613 rogasse
925 545 1075 614 legendum
1101 545 1241 614 opinatur.
1279 545 1331 598 sed

148 632 310 700 poposcisse
339 649 401 686 eum
428 632 531 686 librum
556 631 729 700 Sentianum,
757 633 872 687 ubinam
896 634 1009 687 tandem
1034 634 1062 687 iu
1087 632 1209 688 carmine
1234 635 1333 687 nostro

149 719 270 788 legitur?
308 719 490 776 nihilominus
510 721 655 776 Schwabio
678 721 838 791 nuperrime
857 723 932 776 baud
951 722 1034 792 pauci
1054 727 1119 776 suut
1137 721 1263 776 adsensi:
1288 722 1330 775 ni-

148 807 249 863 mirum
270 809 412 863 Catullum
430 811 571 864 misellum
590 809 766 865 adulatorem
786 810 905 864 similem
924 810 1011 878 illius,
1029 812 1065 866 de
1083 829 1140 880 quo
1158 811 1272 868 Petrou.
1295 817 1331 864 10

147 900 232 952 multo
247 916 287 952 suc
301 900 411 967 turpior
428 916 455 953 es
470 906 500 953 tu
517 900 624 955 hercule
638 903 686 969 qui
700 907 731 953 ut
744 902 814 968 toris
828 917 936 955 cessares
948 908 1058 969 poetam
1071 903 1204 965 laudasti,
1219 900 1333 953 malunt

148 988 240 1042 iacere
273 1004 357 1056 quam
390 985 566 1041 coniecturae
596 989 839 1042 Lachmanniauae
864 987 1019 1043 falsitatem
1042 989 1134 1043 lateri.
1176 993 1334 1043 uocauerat

149 1076 256 1131 Sestius
278 1079 406 1146 poetam,
430 1076 478 1144 qui
502 1080 599 1131 uentre
619 1077 721 1130 ductus
740 1077 831 1132 uoluit
849 1077 963 1145 quidem
983 1078 1018 1131 ad
1037 1093 1100 1130 eum
1120 1080 1251 1132 cenatum
1278 1076 1331 1145 ire,

149 1165 198 1218 sed
222 1164 342 1233 legendo
367 1167 522 1219 orationem
546 1165 622 1220 illius
645 1171 711 1220 ante
730 1167 851 1220 conuiuii
871 1172 984 1235 tempus
1003 1166 1101 1220 morbo
1120 1171 1264 1235 correptus
1282 1163 1330 1235 (rit

149 1254 241 1322 fingit)
264 1253 292 1307 in
312 1254 500 1308 suburbanum
520 1272 599 1308 snum
619 1256 698 1324 tagit.
737 1273 850 1310 curnam
869 1257 964 1309 autem
983 1273 1046 1309 cum
1061 1253 1329 1310 conuiuiiuditioue

149 1341 306 1397 necessario
325 1343 474 1397 coniuncta
492 1348 552 1398 erut
570 1343 636 1398 libri
655 1343 756 1400 lectio?
794 1345 920 1400 ceassiu
935 1346 1034 1414 aperto
1049 1348 1107 1398 est:
1127 1343 1233 1398 Sestius
1248 1344 1330 1397 edita

150 1430 276 1485 oratione
301 1449 351 1485 sua
369 1435 522 1487 uocauerat
540 1433 666 1487 homines
687 1432 775 1487 bellos
794 1436 824 1486 et
841 1434 871 1487 in
889 1433 994 1488 litteris
1013 1433 1183 1500 eminentes,
1208 1449 1329 1501 quorum

150 1523 180 1573 ct
206 1519 393 1589 praesentium
420 1522 517 1575 laudes
540 1522 651 1576 audiret
674 1526 704 1576 et
726 1523 755 1576 in
778 1521 929 1577 iudicanda
951 1523 1002 1576 illa
1025 1519 1248 1576 beniuolentiam
1272 1520 1328 1576 sibi

149 1608 322 1663 conciliaret.
359 1609 536 1665 uocationem
551 1610 600 1678 qui
615 1611 811 1679 sequebantur,
830 1611 856 1665 si
874 1628 987 1665 necesse
1002 1612 1115 1665 omnino
1129 1612 1192 1664 erat
1205 1613 1238 1664 ut
1251 1609 1329 1680 lege·

148 1702 211 1750 rent
239 1698 416 1766 opusculum,
446 1715 501 1767 quo
534 1699 696 1769 disputandi
725 1700 967 1769 respondendique
999 1700 1136 1754 baberent
1169 1699 1327 1754 materiam.

150 1785 276 1841 Catullus
294 1787 396 1841 bonam
415 1803 513 1842 cenam
533 1787 647 1842 minime
668 1792 834 1859 aspernatus
855 1790 1001 1856 uentrique
1020 1806 1070 1844 suo
1095 1789 1211 1844 delicias
1233 1789 1328 1844 iacere

148 1874 262 1944 cupiens
286 1876 379 1945 coepit
398 1877 511 1945 quidem
530 1877 693 1946 perlegendi
712 1896 781 1932 onus
801 1880 829 1932 iu
849 1896 877 1933 se
896 1877 1049 1948 suscipere;
1071 1877 1121 1931 sed
1140 1878 1240 1946 coepto
1260 1894 1327 1931 mox

149 1963 259 2019 destitit
278 1964 361 2018 homo
381 1968 493 2034 probus,
512 1966 561 2033 qui
579 1966 633 2019 sibi
652 1967 724 2021 dixit
741 1969 852 2021 immisi
870 1969 974 2035 nescim
997 1969 1107 2034 librum,
1125 1968 1151 2020 ss'
1168 1967 1259 2020 mulus
1276 1972 1329 2034 est,

147 2070 248 2122 nequeo
266 2054 382 2107 laudere
400 2054 505 2120 (lunen.
526 2061 551 2122 3,
570 2057 623 2125 41).
661 2073 707 2109 rus
727 2055 813 2127 igitur
837 2057 881 2109 die
906 2055 1062 2110 cenationis
1086 2055 1171 2120 abiit3
1195 2056 1328 2124 idemque

149 2145 214 2211 post
244 2141 425 2209 seditionem,
454 2143 529 2211 quod
552 2160 607 2198 non
631 2144 756 2199 uenisset
778 2146 813 2198 ad
839 2145 1012 2211 conuiuium,
1039 2146 1081 2199 ita
1103 2145 1248 2199 excusauit
1273 2146 1328 2200 hoc

148 2231 280 2297 carmine,
300 2235 332 2286 nt
350 2233 469 2301 fingeret
488 2235 612 2298 uenuste,
632 2234 734 2302 frigore
754 2251 788 2287 ex
802 2233 877 2288 lecta
890 2232 1018 2288 oratione
1032 2233 1128 2288 adlato
1142 2233 1324 2303 grauedinem

148 2320 302 2388 tussimque
329 2338 359 2375 se
386 2321 529 2388 babuisse,
554 2322 645 2377 Sestio
669 2323 753 2377 simul
776 2323 830 2378 hoc
855 2321 927 2376 salse
950 2321 1088 2388 obiciens,
1117 2321 1192 2390 quod
1215 2322 1240 2376 is
1264 2326 1327 2376 tum

150 2411 261 2465 demum
272 2413 386 2481 poetam
396 2410 516 2465 inuitare
528 2412 699 2482 dignaretur,
710 2430 772 2466 eum
787 2412 869 2466 huius
884 2410 1076 2465 laudationem
1090 2410 1187 2465 audire
1201 2416 1327 2481 cuperet.

148 2503 253 2553 certam
277 2516 338 2554 esse
364 2517 464 2556 censeo
487 2505 610 2556 nostram
636 2500 861 2556 emendationem
886 2501 961 2555 ‘cum
983 2499 1089 2553 malum
1108 2498 1213 2553 librum
1233 2499 1326 2567 lecit’;
1362 2525 1371 2535 ·

147 2590 181 2644 cl.
203 2589 297 2658 Nepos
318 2589 377 2643 Cet.
398 2596 423 2657 3,
443 2596 459 2643 ὁ
475 2591 561 2659 plura
579 2592 610 2644 iu
628 2607 658 2645 co
676 2591 747 2644 libro
761 2591 899 2658 persecuti
911 2606 1013 2655 sumus,
1032 2606 1110 2657 quem
1123 2589 1274 2658 seperatim
1288 2591 1323 2644 de

148 2696 178 2732 so
195 2680 309 2745 femmas
323 2678 435 2747 (uitium
450 2694 484 2731 ex
502 2695 527 2732 u.
545 2685 577 2731 12
592 2685 684 2732 ortum
699 2677 830 2742 uidetur).
847 2709 878 2718 -
894 2676 929 2732 de
944 2685 1071 2748 tempore
1086 2677 1168 2732 huius
1182 2675 1323 2746 poematis

147 2766 217 2821 nihil
237 2769 297 2820 erni
317 2770 417 2834 potest.
455 2784 520 2820 narn
539 2768 614 2835 quod
633 2768 760 2821 nonnulli
779 2766 885 2821 ultimis
903 2773 1004 2837 poetae
1018 2765 1192 2836 temporibus
1207 2766 1326 2836 propter

147 2856 237 2909 morbi
260 2856 430 2909 mentionem
456 2855 614 2909 adscribere
634 2856 795 2910 uoluemnt:
820 2859 881 2910 tota
900 2856 970 2911 haec
989 2857 1061 2910 ratio
1080 2857 1109 2910 in
1133 2855 1197 2910 ioco
1215 2860 1327 2925 aperto,

148 2963 229 3014 quem
249 2963 321 3000 nunc
340 2945 520 3014 agnouimus,
540 2945 670 3000 concidit.

683 3099 784 3155 XLV.

219 3211 247 3281 1,
262 3211 291 3265 2.
311 3213 421 3266 Acmen
436 3212 600 3281 Septlnslus
619 3226 689 3266 suos
703 3226 822 3267 amores
837 3213 943 3267 teneus
957 3211 989 3266 tn
1003 3212 1131 3279 gremio.
1160 3212 1323 3282 Septimius,

147 3301 310 3357 adulescens
334 3300 415 3354 nobis
439 3301 564 3370 ignotus,
588 3303 618 3354 et
641 3303 740 3367 Acme,
764 3301 823 3355 siue
847 3300 950 3355 liberta
974 3304 1003 3355 et
1022 3302 1130 3356 Graeca
1148 3303 1207 3356 siue
1226 3301 1326 3370 puella

146 3390 272 3444 Romana
295 3390 359 3444 licto
382 3391 493 3444 nomine
515 3391 612 3458 paucis
635 3389 710 3444 notis
734 3389 869 3455 indicata,
894 3391 1033 3457 quomodo
1057 3408 1181 3445 amorem
1200 3389 1324 3445 inuicem

146 3480 199 3534 sibi
219 3480 383 3535 confitentes
403 3479 500 3535 foedas
519 3479 660 3535 adnuente
679 3481 731 3534 deo
750 3478 827 3533 alato
842 3477 1011 3548 pepigerint,
1031 3483 1147 3550 exponit
1161 3481 1324 3550 poematiou

146 3570 347 3624 dulcissimum.
387 3571 534 3637 ‘amores',
558 3570 594 3624 ci.
618 3570 655 3623 ad
679 3568 716 3621 Vl
743 3574 784 3622 16.
821 3568 902 3623 Ouid.
926 3586 980 3624 sm.
1004 3567 1030 3622 ll
1055 3574 1102 3636 18,
1126 3576 1142 3624 6
1166 3571 1198 3624 iss
1220 3573 1325 3639 pressio

145 3660 214 3712 sedit
232 3663 363 3726 protinus
385 3661 437 3714 illa
454 3677 519 3713 mec.
558 3659 725 3728 ‘septimios’
747 3658 930 3727 scripturam,
949 3675 1034 3727 quam
1053 3657 1083 3711 in
1103 3658 1125 3714 V
1145 3660 1230 3713 inisse
1249 3657 1324 3714 liber

148 3744 171 3800 0
197 3749 316 3801 maxime
342 3749 437 3802 reddit
459 3748 619 3817 probabile,
643 3747 690 3801 nix
713 3752 755 3801 cst
774 3749 849 3814 qnod
868 3764 997 3802 moneam
1017 3747 1223 3804 adsimilatione
1242 3764 1325 3803 accu-

146 3836 229 3889 satiui
265 3837 406 3904 sequentis
441 3841 531 3891 ortam
564 3854 638 3901 esse;
671 3839 817 3905 praeterea
845 3836 987 3891 Catullum
1015 3837 1107 3906 ipsum
1136 3836 1322 3907 ‘Septumius’

147 3927 190 3994 (ut
209 3945 233 3978 u.
253 3929 298 3994 21)
318 3926 458 3994 scripsisse
478 3931 583 3980 certum
604 3929 654 3979 est.
676 3956 706 3964 —
727 3925 757 3979 3.
776 3926 809 3979 nl
827 3927 857 3980 te
877 3925 996 3996 perona
1019 3940 1097 3982 aruc.
1133 3927 1196 3981 Ter.
1219 3925 1323 3982 Hcsut.

147 4013 158 4065 l
180 4020 203 4079 1,
222 4020 257 4068 45
277 4017 335 4068 eius
353 4016 440 4081 filiam
458 4015 504 4067 ille
523 4032 616 4068 amare
634 4016 720 4082 coepit
734 4016 843 4082 perdite
860 4013 919 4082 (ubi
933 4013 1059 4066 Donatus
1074 4015 1243 4078 aduertiurn,
1261 4015 1281 4068 ι’.
1301 4033 1323 4070 e.

145 4106 240 4158 irrisere
262 4110 288 4158 et
310 4105 394 4157 nitriis
416 4105 583 4158 uehementer
607 4110 631 4157 ct
650 4105 681 4157 in
697 4105 878 4172 perditionem
896 4117 1000 4155 mosum
1018 4107 1142 4171 suorum)
1162 4108 1191 4159 et
1210 4103 1323 4160 Phorm.

145 4190 206 4256 12,
230 4199 263 4245 32
288 4194 360 4246 lianc
383 4210 476 4245 emere
499 4194 586 4260 coepit
605 4193 720 4260 perdite.
763 4192 810 4245 scd
834 4207 1002 4260 quamquam
1029 4190 1174 4260 ‘perditi’,
1198 4194 1273 4262 quod
1299 4194 1323 4250 V

145 4281 270 4349 praebet,
289 4285 385 4350 potest
404 4299 437 4335 ex
457 4282 478 4334 ll
499 4283 527 4334 et
548 4282 557 4333 l
577 4282 698 4335 confusis
718 4288 810 4335 ortum
829 4296 898 4345 esse,
917 4277 1093 4347 probabilius·
1112 4286 1190 4348 puto,
1212 4284 1325 4352 uirguls

144 4370 243 4423 addita
260 4371 451 4439 reponendum
471 4388 531 4424 esse
552 4371 717 4439 ‘porditim'‚
740 4386 796 4437 qua
813 4367 904 4423 forins
922 4384 940 4421 a
958 4368 1085 4422 Charisio
1101 4370 1140 4438 [p.
1160 4376 1221 4437 tlt,
1244 4370 1322 4444 ils]
