2940 4912
150 296 216 364 378
660 303 749 358 LXIV
767 309 810 361 aa.

36 441 40 449 '
150 460 219 516 sonu
238 461 373 517 nonnum
391 462 458 518 sou
477 464 594 533 possunt
612 466 656 534 (us
674 463 769 534 susp.
789 464 840 520 ron
861 471 928 520 1141
944 483 1018 540 sqq,
1038 464 1119 520 Ouid.
1138 466 1204 520 msa
1224 460 1264 517 vi
1278 466 1321 528 ro,

151 549 233 620 Verg.
250 553 318 606 Aen.
334 552 344 604 l
360 558 412 607 aba
428 569 498 622 sqq,
518 551 588 608 Ciris
603 559 636 607 21
652 556 732 622 squ).
761 559 873 609 secutus
892 557 935 609 est
953 556 1047 610 autem
1062 551 1188 608 Catullus
1204 552 1321 607 Alexan·

149 638 291 694 drinorum
310 640 432 695 maxime
451 658 570 709 morem,
591 643 691 711 quibus
710 643 781 698 talia
799 643 924 713 episodia
945 643 1029 699 ualde
1047 642 1206 714 placebant,
1224 638 1322 710 elegit·

148 745 202 797 que
216 729 319 784 Thesei
337 733 367 784 et
380 731 516 785 Ariadnes
535 731 682 786 historiam
697 732 899 788 nobilissimam
919 732 955 788 ob
973 749 1036 787 eam
1054 749 1181 798 causam,
1200 730 1229 785 ni
1247 726 1321 785 falli·

148 835 223 886 mur,
246 820 320 886 quod
343 819 391 887 qui
415 819 541 874 uersibus
560 819 655 875 latinis
673 820 752 876 illam
772 822 915 891 punxisset
938 822 1061 877 noudum
1086 821 1189 876 extitit.
1225 819 1322 887 itaque

148 907 282 962 materiae
302 907 423 977 primum
439 911 577 964 mactatae
593 909 684 979 gloria
702 909 853 967 adliciente
873 927 937 965 cum
955 911 1027 965 illud
1046 909 1221 979 potissimum
1240 923 1321 976 argu·

149 999 273 1051 mentum
299 996 353 1051 sibi
381 998 544 1067 sumpserit,
573 997 656 1054 facile
684 1001 849 1068 excusatur,
876 1000 953 1069 quod
976 1016 1069 1057 rerum
1092 996 1322 1069 probabilitatem

148 1103 247 1154 pamm
267 1085 389 1152 curauit;
409 1104 473 1141 uam
494 1088 579 1142 Pelea
596 1090 626 1142 et
638 1088 746 1144 Thesea
764 1089 876 1146 fabulae
895 1090 1003 1159 priscae
1023 1086 1129 1143 eisdem
1147 1084 1323 1156 temporibus

148 1174 276 1229 uiuentes
294 1173 409 1231 iaciunt.
447 1194 503 1245 qua
528 1175 557 1230 in
580 1193 609 1231 re
633 1180 806 1247 quantopere
830 1177 911 1232 abusi
934 1178 992 1232 sint
1015 1178 1129 1232 licentia
1146 1175 1239 1246 poetis
1257 1189 1322 1229 cou-

148 1279 240 1331 oessa,
264 1280 346 1318 namo
371 1265 462 1335 magis
486 1264 611 1321 ostendit
633 1283 717 1336 quam
737 1266 867 1321 Valerius
886 1266 1016 1334 Flaccus,
1036 1267 1084 1336 qui
1106 1267 1135 1320 in
1154 1267 1231 1333 Argo
1250 1278 1322 1317 naue

148 1350 275 1422 depictas
295 1355 391 1409 narrat
405 1354 482 1408 Pelei
501 1356 531 1408 et
544 1355 679 1410 Thetidos
695 1356 808 1425 nuptias
822 1355 845 1423 (l
861 1361 912 1410 1³0
927 1358 1008 1424 sqq.).
1037 1360 1066 1411 et
1084 1353 1214 1408 similiter
1228 1354 1324 1423 potest

148 1441 288 1509 excusari,
307 1442 382 1510 quod
402 1442 473 1497 miro
493 1461 559 1499 sane
586 1445 669 1499 modo
691 1444 805 1514 fingitur
827 1445 902 1499 lecto
926 1444 1046 1513 nuptiali
1068 1443 1216 1498 instratum
1235 1440 1322 1496 fuisse

148 1531 266 1598 uestem,
285 1529 315 1584 in
334 1549 390 1600 qua
408 1532 486 1587 infidi
504 1532 638 1588 amatoris
656 1537 739 1603 gesta
757 1539 837 1588 erant
856 1533 975 1602 depicta.
1004 1533 1054 1587 sed
1071 1532 1164 1602 ipsum
1181 1530 1323 1586 tractandi

149 1620 307 1688 argumenti
331 1620 444 1674 modum
468 1624 501 1675 ut
523 1637 735 1691 persequamur,
762 1624 846 1691 poeta
870 1624 981 1677 strenue
1007 1621 1168 1688 feruideque
1190 1636 1251 1674 rem
1274 1618 1322 1674 ad·

148 1724 259 1778 gressus
286 1709 455 1764 narrationis
484 1710 658 1766 iucunditate
686 1710 796 1781 longius
826 1709 993 1779 longiusque
1021 1709 1133 1778 quidem
1161 1707 1265 1763 abduci
1292 1725 1322 1763 ae

149 1814 248 1867 passus
266 1801 322 1865 est,
342 1801 374 1853 ut
390 1801 486 1853 tamen
510 1803 570 1854 arte
589 1801 711 1869 quadam
735 1800 805 1855 haec
823 1799 955 1868 euagatio
980 1799 1093 1853 minime
1111 1799 1216 1853 careat.
1256 1815 1321 1851 nam

149 1904 212 1941 cum
235 1888 335 1942 seriem
359 1889 499 1957 quandam
524 1889 677 1960 imaginum
704 1890 733 1944 in
756 1893 833 1944 certo
853 1889 949 1957 aliquo
972 1887 1040 1942 artis
1064 1903 1148 1957 opere
1172 1886 1321 1941 obuiorum

147 1978 273 2032 studeret
296 1980 451 2048 exprimere
477 1979 601 2034 carmine
624 1995 687 2046 suo,
714 1977 797 2033 facile
822 1976 921 2043 sensit,
946 1976 1022 2031 fucta
1044 1978 1120 2031 certo
1143 1975 1241 2029 ordine
1259 1991 1322 2044 pro

148 2065 240 2135 posita
258 2083 276 2121 a
294 2068 400 2136 pictore
419 2068 465 2122 uel
485 2067 580 2123 fictore
599 2069 658 2123 siue
677 2069 786 2122 textore
804 2080 880 2136 (nam
899 2065 982 2134 quale
1004 2081 1074 2135 opus
1093 2065 1118 2119 ei
1138 2065 1322 2119 obuersatum

147 2156 196 2224 sit,
216 2156 329 2211 difficile
349 2162 392 2211 est
410 2156 549 2223 diuinatu)
574 2158 626 2212 hoo
646 2159 729 2211 modo
753 2155 808 2210 sibi
827 2169 886 2210 esse
905 2153 1066 2221 tractanda,
1085 2154 1191 2206 utnon
1210 2168 1322 2206 summa

147 2263 240 2300 rerum
260 2246 386 2316 ipsarum
410 2248 565 2314 momenta,
589 2245 685 2316 qualia
707 2243 809 2300 artilex
832 2244 965 2299 continua
989 2243 1054 2298 inde
1076 2242 1113 2296 ab
1131 2241 1213 2295 initio
1232 2256 1321 2309 usqae

148 2334 184 2388 ad
212 2336 295 2389 finem
324 2336 394 2391 serie
423 2337 510 2390 oculis
539 2336 716 2403 subiecisset,
749 2334 798 2390 sed
830 2350 1011 2403 personarum
1045 2333 1189 2401 agentium
1223 2346 1322 2383 sensus

148 2425 321 2494 affectusque
348 2443 410 2480 cum
436 2425 557 2480 maxime
583 2425 736 2494 legentium
764 2422 864 2477 animis
888 2422 1068 2491 proponeret,
1094 2435 1150 2472 non
1175 2421 1322 2486 gestorum

148 2516 336 2568 enarraturam
356 2514 404 2568 sed
423 2515 479 2567 τῶν
498 2515 602 2569 παθῶν
623 2513 805 2581 interpretem
824 2527 918 2580 agens.
946 2510 1041 2577 itaque
1055 2525 1119 2562 cum
1137 2506 1208 2561 artis
1228 2523 1322 2561 exem·

146 2604 209 2673 plar
233 2605 406 2672 singularum
433 2603 584 2673 imaginem
610 2603 718 2671 cyclum
743 2601 882 2670 quendam
906 2596 1064 2667 praeberet,
1088 2613 1143 2663 quo
1167 2595 1323 2650 secuudum

146 2693 304 2747 fabularum
333 2693 415 2745 fidem
445 2692 539 2746 omnia
572 2708 622 2746 suo
650 2692 746 2745 ordine
779 2689 918 2758 descripta
951 2687 1056 2753 essent,
1086 2684 1212 2738 Catullus
1246 2684 1323 2739 bunc

147 2781 272 2837 ordinem
293 2783 444 2851 neglegens
463 2783 538 2834 etin
558 2781 664 2834 medias
683 2797 727 2833 res
746 2793 895 2847 properans
911 2775 1016 2845 optime
1031 2775 1116 2842 utque
1136 2790 1234 2827 uerum
1254 2791 1320 2843 poe-

147 2875 205 2926 tam
231 2871 367 2941 suspicias
395 2869 549 2939 perspexit,
578 2887 716 2923 summam
743 2883 809 2921 suae
834 2863 1003 2919 narrationis
1029 2862 1134 2916 uersari
1160 2862 1265 2915 debere
1293 2864 1321 2916 iu

147 2960 325 3030 depingenda
350 2975 397 3024 ea,
422 2959 451 3012 iu
478 2976 562 3027 quam
588 2960 650 3027 ipsa
675 2958 771 3011 labula
796 2970 905 3010 omnem
930 2951 1078 3006 affectuum
1103 2949 1161 3003 uim
1185 2950 1321 3004 eontulit:

146 3051 267 3104 Ariadne
287 3050 399 3102 deserta
417 3046 502 3100 limen
523 3052 565 3100 est
579 3045 759 3112 narrationis,
778 3044 814 3098 ad
828 3042 967 3096 Ariadnen
986 3055 1110 3092 summae
1128 3037 1322 3107 desperationi

148 3138 280 3193 traditam
302 3137 424 3191 medium
443 3135 561 3190 recurrit
583 3152 708 3201 carmen,
732 3134 806 3187 idem
829 3132 912 3185 finem
934 3127 1003 3182 iacit
1025 3126 1053 3179 in
1072 3124 1197 3178 Ariadne
1217 3142 1252 3180 ex
1272 3144 1321 3180 an·

146 3227 247 3295 gustiis
266 3228 370 3295 erepta.
400 3224 502 3293 quibus
520 3224 648 3293 partibus
668 3224 757 3277 tribus
776 3236 894 3288 eaquae
909 3218 992 3271 autea
1006 3216 1159 3284 posteaque
1174 3217 1242 3268 aunt
1256 3218 1323 3269 acta

147 3315 228 3385 quasi
246 3316 275 3370 in
295 3321 456 3370 transcursu
470 3314 634 3368 inseruntur.
664 3314 729 3367 hinc
744 3314 838 3365 autem
853 3305 901 3378 qui
916 3303 1061 3359 laudamus
1077 3301 1226 3369 Catullum,
1244 3304 1322 3372 quod

147 3405 214 3476 quid
233 3406 306 3459 inter
325 3402 440 3459 artificis
459 3405 488 3456 et
506 3405 607 3472 poetae
627 3402 748 3456 rationes
766 3397 876 3453 intersit
889 3391 1035 3457 intellexit,
1056 3391 1111 3442 iam
1127 3388 1220 3443 minus
1234 3407 1321 3460 aegra

146 3495 260 3550 ierimus
279 3494 354 3564 quod
375 3511 424 3548 suo
439 3492 587 3547 materiam
607 3490 748 3546 tractandi
767 3483 864 3559 generi
882 3480 965 3537 nimis
982 3476 1130 3546 indulgens
1149 3476 1177 3530 iu
1198 3479 1322 3548 siugulis

146 3585 274 3655 partibus
295 3600 391 3652 parum
416 3582 556 3638 consuluit
579 3578 758 3651 symmetriae
782 3571 882 3644 (ueluti
900 3567 1035 3623 Ariadnes
1059 3564 1216 3620 orationem
1236 3567 1323 3622 nimia

146 3673 291 3743 extendit).
323 3689 492 3742 quamquam
512 3673 565 3725 hoc
584 3671 631 3725 uel
650 3665 787 3723 beniuolis
806 3656 1030 3718 aestimatoribus
1049 3658 1092 3708 est
1111 3656 1324 3723 reprehenden-

146 3764 226 3831 dum,
246 3764 320 3830 quod
340 3763 425 3816 etism
444 3762 473 3816 in
492 3760 533 3814 eis
553 3776 624 3828 quae
643 3759 744 3812 cursim
764 3751 856 3821 tangit
873 3748 922 3802 ille
943 3763 996 3800 nou
1016 3743 1092 3796 cauit
1110 3743 1235 3809 partium
1256 3762 1324 3800 eon·

148 3853 241 3906 eeutui
261 3853 344 3921 plane
363 3850 527 3906 necessario.
565 3865 629 3903 nam
657 3846 742 3900 habet
759 3843 831 3896 ratio
850 3856 868 3892 a
886 3837 969 3906 poeta
991 3831 1123 3886 instituta
1141 3830 1195 3882 boo
1215 3830 1324 3888 incom-

147 3942 236 4009 modi,
256 3941 343 4009 quod,
363 3956 425 3994 cum
445 3937 515 3991 liaeo
534 3936 569 3990 de
586 3935 705 3988 Ariadne
719 3928 842 3985 narratio
861 3923 916 3977 iam
935 3921 996 3989 ipsu
1015 3916 1052 3969 sit
1070 3915 1223 3983 degreaaio,
1243 3918 1324 3978 intra

148 4033 218 4085 lianc
244 4031 322 4084 nouis
347 4045 416 4098 opus
439 4028 523 4080 luerit
546 4021 783 4093 degressionibus;
806 4018 835 4070 in
859 4011 959 4080 quibus
977 4021 1040 4059 cum
1060 4001 1173 4056 modum
1193 4005 1244 4060 ille
1264 4027 1323 4065 non

147 4119 302 4173 seruauerit
325 4121 369 4186 (ut
386 4116 415 4170 in
437 4116 523 4183 Aegei
542 4115 578 4168 ad
597 4114 684 4166 filium
709 4106 800 4163 uerbis
819 4121 845 4156 u.
865 4105 915 4154 alo
930 4095 1014 4163 sqq.),
1037 4089 1232 4157 complicitum
1254 4111 1324 4152 con-

147 4214 251 4262 tortum
275 4207 389 4261 difficile
414 4206 509 4259 euadit
532 4206 622 4258 totum
646 4203 698 4255 hoc
722 4191 883 4266 episodium.
921 4181 993 4252 qu⁰d
1011 4192 1062 4247 1³⁰¹
1080 4175 1249 4244 plusquam
1270 4185 1321 4238 dn-

147 4299 242 4350 centos
262 4314 356 4351 uorsus
381 4298 523 4349 extentum
547 4293 649 4346 iustam
675 4304 724 4357 pro
749 4283 876 4337 uniuerso
900 4267 1003 4340 cpyHiO
1024 4280 1184 4317 mmmm
1204 4273 1323 4363 excedit

148 4384 283 4454 nobisque
307 4386 335 4439 in
360 4385 524 4439 memoriam
548 4380 662 4437 reuocat
684 4385 849 4445 purpureum
873 4361 952 4416 illum
975 4369 1098 4423 pmuum
1117 4349 1245 4425 Romuli
1271 4362 1323 4429 (lui
