2940 4912
150 290 213 344 xlv
482 286 660 343 ADDENDA
680 287 726 340 ET
745 286 993 343 copulandae.

149 459 222 517 locis
246 457 464 517 difficilioribus
488 456 590 514 uarias
613 455 770 515 doctorum
789 448 966 535 (recentium
991 447 1133 532 maxime)
1157 454 1321 511 sententias

149 556 266 633 attulit,
290 556 396 615 sedin
420 555 466 615 his
494 555 538 613 ila
567 558 601 613 ul
623 554 758 630 oportuit
785 554 880 629 proba
907 573 926 613 a
949 554 1050 629 prauis
1079 553 1247 611 discernere
1274 571 1323 608 ne-

149 654 240 730 quiit,
263 653 364 714 indicii
388 656 418 713 et
441 653 576 712 acumine
599 656 631 711 et
651 651 822 711 subtilitate
842 657 873 711 et
892 653 1043 729 elegantia
1062 672 1155 729 aeque
1175 672 1209 709 ae
1233 652 1323 710 sacul-

148 755 212 809 tatc
235 752 340 811 critica
361 752 441 811 omni
469 748 672 810 miserandum
701 751 731 807 iu
761 751 881 809 modum
905 752 1078 810 destitutus.
1124 752 1167 809 sic
1194 750 1232 807 ad
1259 769 1321 807 sex·

148 853 251 907 centes
281 868 357 924 quae
388 852 566 923 supererant
595 848 659 907 siue
688 849 719 906 in
749 849 946 924 explicatione
974 850 1038 907 siue
1063 849 1093 908 iu
1118 848 1323 907 emendatione

148 946 342 1007 difficultates
366 946 571 1007 dissoluendae
591 945 665 1004 nihil
690 946 741 1004 ille
770 949 886 1020 attulit,
910 948 985 1006 urica
1013 951 1044 1006 et
1071 947 1269 1023 peruersitate
1294 949 1324 1004 ct

148 1045 323 1104 infelicitate
352 1045 462 1121 ubique
490 1045 625 1121 insignio.
675 1045 749 1103 duas
780 1046 844 1104 eius
874 1044 1100 1104 obseruationes
1133 1044 1212 1101 inira
1244 1062 1321 1102 com·

148 1145 327 1203 memorabo.

239 1258 399 1317 Praeterea
421 1276 511 1335 quae,
535 1258 585 1334 qui
610 1259 688 1317 libro
708 1262 811 1318 nostro
834 1261 943 1331 arteris,
966 1264 1019 1319 aut
1043 1260 1135 1318 addas
1157 1263 1210 1317 aut
1233 1259 1322 1318 corri-

147 1375 204 1431 gas
227 1357 331 1429 uelim,
356 1357 429 1415 haec
452 1357 562 1416 habeo:

218 1517 245 1569 p.
261 1507 277 1553 8
296 1499 388 1568 (lino
408 1500 444 1553 ab
462 1500 530 1567 imo)
549 1501 656 1555 accessi
672 1501 783 1569 uulgari
799 1500 937 1570 opinioni,
957 1519 1012 1569 qua
1028 1500 1171 1554 Valerium
1188 1501 1322 1552 Catonem

148 1597 172 1634 a
188 1585 222 1632 90
240 1584 337 1634 natiue
357 1582 460 1650 potami·
478 1579 640 1647 (Tcullcliuc
660 1581 741 1634 lunt.
762 1586 853 1648 5200,
879 1585 911 1645 1).
940 1581 997 1635 iam
1019 1581 1124 1634 dudum
1144 1584 1238 1633 aulem
1258 1598 1323 1631 neu·

151 1660 262 1714 nronuit
279 1659 406 1714 Naekius
427 1660 500 1731 [Val.
516 1660 577 1716 Cat.
596 1680 622 1730 p.
638 1660 717 1731 adq,
736 1677 813 1728 cunr,
832 1663 909 1714 cuiue
928 1678 1037 1715 summa
1055 1679 1141 1731 prope
1160 1664 1287 1713 seneclus
1307 1678 1324 1712 a

152 1738 234 1791 Furio
248 1738 384 1794 Bibaculo
403 1744 651 1806 commemoretur,
671 1757 727 1794 uon
747 1757 829 1809 posse
849 1742 901 1795 hoc
921 1742 1057 1797 iuniorem
1077 1743 1152 1810 fingi.
1183 1746 1211 1794 et
1230 1739 1324 1793 hercle

151 1833 186 1870 ex
210 1818 337 1874 Suetonii
361 1821 387 1874 d.
412 1840 453 1891 gr.
479 1828 510 1874 11
537 1821 630 1874 uerbis
656 1822 794 1889 pupillum
823 1824 944 1876 relietum
969 1840 1048 1893 coque
1071 1824 1184 1889 suediae
1211 1822 1322 1874 licentio

148 1897 264 1953 Sullani
282 1902 410 1969 inceperis
423 1906 535 1954 wulrtan
550 1902 720 1969 patrimonio
735 1919 789 1954 non
805 1901 858 1954 hoc
872 1904 940 1955 mihi
957 1902 1067 1956 uidetur
1081 1902 1173 1967 innui,
1192 1919 1264 1954 anuo
1280 1907 1322 1963 8⁰,

149 1994 212 2031 cum
232 1979 312 2033 Sulla
331 1980 455 2035 colonias
474 1981 610 2035 militares
631 1980 795 2047 deduceret,
815 1982 947 2035 Catonem
964 1983 1056 2035 adlurc
1071 1983 1208 2051 pupillum
1228 1981 1323 2047 fulmo,

150 2059 198 2112 aed
217 2062 399 2128 cognatorum
419 2077 472 2130 ope
497 2060 663 2115 destitutum
683 2059 767 2114 facilc
792 2064 851 2113 tom
876 2062 1045 2130 patrimonio
1065 2061 1169 2131 priuati
1189 2062 1322 2130 potuisse.

149 2136 245 2206 itaque
269 2138 345 2192 circa
366 2138 440 2193 idem
463 2139 522 2194 fere
545 2142 657 2209 tempus
683 2158 745 2194 cum
769 2140 852 2194 Furio
872 2141 1006 2195 Bibaculo
1025 2143 1161 2195 Catonem
1184 2141 1212 2195 in
1233 2142 1321 2195 lucem

148 2234 208 2271 cece
232 2217 338 2272 editum
362 2219 534 2287 putauerim3
563 2220 637 2274 unde
660 2222 690 2275 et
712 2219 812 2274 melina
836 2238 908 2275 anuo
932 2223 989 2275 scre
1015 2228 1048 2275 70
1073 2222 1198 2275 extitisse
1221 2240 1321 2275 nouam

147 2296 304 2351 studiorum
323 2297 459 2353 rationem
477 2298 663 2369 intellegitur.

219 2394 246 2444 p.
264 2382 305 2443 16,
324 2376 373 2432 liu.
388 2383 405 2431 9
423 2378 499 2447 lege:
518 2378 548 2432 in
567 2396 589 2432 c.
610 2378 692 2432 LXII.

219 2474 246 2525 p.
262 2462 306 2524 38,
324 2458 405 2511 lina
425 2456 542 2513 ‘Cinnae
562 2459 627 2525 sui’,
645 2458 694 2512 lin.
715 2466 730 2513 6
751 2462 892 2530 ‘Romac'‚
912 2462 959 2516 lin.
980 2470 995 2515 2
1021 2464 1058 2517 ab
1077 2465 1133 2518 imo
1153 2463 1320 2516 ‘adirenteu'.

218 2555 244 2605 p.
259 2543 303 2603 41,
323 2535 371 2591 lin.
389 2543 434 2591 15:
453 2537 495 2591 uti
514 2538 554 2592 eie
573 2538 665 2594 armis.
687 2570 719 2578 -
739 2558 765 2608 p.
780 2548 824 2608 43,
844 2544 890 2597 lin.
907 2550 936 2597 b:
956 2543 1204 2598 adnumerandum.

217 2636 244 2687 p.
259 2622 304 2683 47,
322 2616 371 2671 liu.
388 2622 420 2670 10
439 2618 608 2689 ‘Cyclcdue'‚
627 2617 676 2671 lin.
697 2625 730 2672 14
750 2621 970 2677 ‘ueluolueticae'.

217 2714 244 2765 p.
259 2701 302 2763 48,
322 2696 402 2750 lind
421 2700 486 2751 ante
505 2700 615 2751 notam:
634 2697 663 2751 in
683 2699 724 2751 eie
743 2699 923 2759 cnrrninibuc.

217 2794 243 2844 p.
259 2782 302 2841 51,
322 2776 371 2831 lin.
388 2782 420 2830 12
439 2777 476 2831 ab
494 2778 563 2831 imo:
584 2780 614 2832 et
634 2784 666 2832 10
685 2782 779 2834 cristae.

217 2875 244 2925 p.
259 2863 303 2925 ol,
321 2855 371 2912 lin.
390 2863 435 2911 10:
454 2861 498 2912 eet
515 2858 760 2928 penthemimeres.

216 2955 243 3007 p.
258 2943 302 3003 85,
321 2935 369 2991 lin.
387 2943 420 2990 10
439 2938 511 2993 adde
529 2942 595 3009 poet
608 2940 756 2994 Senecam:
776 2941 857 2995 Mart..
874 2943 910 2996 Vl
926 2949 969 3009 29,
985 2950 1009 3009 7,
1029 2945 1099 2999 scu..
1115 2946 1176 2999 silo.
1195 2946 1215 2997 ll
1234 2954 1257 3009 7,
1274 2952 1314 2998 do.

146 3048 179 3057 -
198 3016 266 3071 ibid.
286 3016 335 3070 lin.
351 3023 397 3071 12:
417 3018 474 3073 atil.
493 3019 543 3071 lat.
562 3037 589 3088 p.
604 3019 661 3073 84².

218 3117 244 3167 p.
259 3103 294 3151 95
317 3097 355 3151 ad
378 3094 403 3147 V
427 3102 443 3149 3
467 3098 502 3152 ci.
529 3102 559 3153 ct
581 3099 647 3153 Hor.
672 3102 724 3154 eat.
750 3100 761 3151 l
786 3108 814 3167 6,
841 3111 873 3157 13
897 3107 982 3158 uniar
1005 3108 1088 3172 casm,
1113 3124 1168 3159 non
1193 3124 1318 3175 umquam

141 3178 235 3246 pilaria
253 3178 363 3231 limine

218 3276 245 3328 p.
260 3262 295 3311 96
313 3257 349 3311 ad
369 3255 393 3308 V
413 3263 430 3309 5
448 3256 483 3312 cl.
503 3259 532 3310 ct
550 3256 679 3312 German.
699 3259 775 3315 Arai.
796 3269 848 3315 290
867 3266 956 3319 luccio
975 3266 1025 3320 lux
1052 3268 1080 3319 el.
1098 3268 1133 3320 nd
1155 3285 1179 3319 u.
1200 3274 1215 3319 6
1237 3268 1319 3337 Apul.

146 3342 212 3393 met.
232 3337 269 3391 lv
288 3343 323 3391 35
339 3342 487 3406 perpetuae
503 3339 579 3392 nocti
595 3355 650 3393 aesc
668 3341 801 3395 dedidere.

218 3436 244 3489 p.
259 3423 303 3485 97,
322 3418 371 3471 liu.
386 3423 403 3471 9
421 3418 458 3471 ab
475 3417 532 3471 imo
551 3435 601 3488 pro
620 3437 654 3474 ne
672 3426 780 3476 tantum
799 3423 862 3491 loge
880 3443 940 3479 cam
960 3432 1075 3480 levatum.

219 3518 247 3569 p.
264 3504 323 3565 105,
342 3496 422 3553 lina
441 3498 477 3552 ab
495 3498 553 3553 imo
572 3499 606 3552 cl.
626 3516 668 3555 cx.
687 3520 729 3571 gr.
749 3501 831 3572 Verg.
852 3507 918 3559 Aen.
940 3505 975 3557 lll
996 3512 1056 3559 653.

217 3597 244 3648 p.
262 3585 321 3644 110,
340 3577 388 3632 lin.
406 3581 451 3632 18:
470 3577 552 3633 Ouid.
568 3594 623 3636 am.
639 3581 676 3635 lll
698 3589 739 3649 14,
758 3589 792 3636 34
812 3584 890 3651 (ibid.
906 3587 953 3641 lin.
969 3593 986 3639 8
1005 3587 1040 3639 ab
1060 3587 1116 3641 iuro
1135 3588 1206 3641 adde
1222 3606 1263 3641 ex.
1278 3609 1319 3657 gr.

144 3656 642 3729 1111.11111,1111113,141).

215 3756 242 3808 p,
258 3744 309 3792 113
328 3738 364 3791 ad
384 3735 453 3791 lxc
472 3735 501 3791 in
519 3738 587 3793 fine:
606 3740 639 3791 ut
657 3739 716 3796 niu.
733 3743 841 3812 111126,
861 3754 885 3800 o.
907 3778 939 3786 -
959 3749 1081 3801 ceterum
1102 3748 1136 3802 cl.
1157 3751 1187 3801 ct
1202 3750 1316 3803 Woelff-

143 3818 217 3873 liuua
235 3820 271 3874 de
289 3817 375 3873 allilt.
393 3834 421 3887 p.
441 3822 475 3871 '12
490 3834 530 3886 sq.
865 3889 871 3897 ι

171 3918 241 4033 dg.
259 3904 309 3953 llll
327 3898 364 3951 ad
382 3897 408 3951 X
423 3902 439 3951 ll
458 3896 494 3952 cf.
512 3900 542 3952 et
560 3899 617 3955 eie.
632 3902 669 3957 ad
683 3902 748 3957 fam.
765 3904 801 3958 lx
819 3911 859 3971 16,
875 3913 891 3959 4
912 3909 1039 3961 incidam
1059 3910 1088 3961 in
1102 3925 1223 3963 sortimur
1236 3914 1318 3965 icario

143 3996 171 4033 n
232 4023 239 4035 .

215 4078 242 4131 p.
258 4065 319 4129 121,
337 4059 385 4114 liu.
403 4064 435 4113 19
449 4058 535 4114 adde:
550 4059 609 4115 ‘cit'
625 4064 770 4133 omissum,
784 4069 817 4119 ut
830 4066 970 4120 interdum
987 4069 1060 4137 alind
1077 4070 1199 4123 comico*
1215 4070 1317 4135 (Plnul.

144 4140 207 4196 nul.
225 4144 300 4209 414).

215 4220 436 4291 p.1aa,liu.1o
455 4220 490 4276 cl.
510 4224 539 4276 et
556 4219 646 4277 Varro
665 4224 692 4277 d.
712 4225 730 4279 l.
750 4226 769 4281 l.
790 4228 828 4280 VI
848 4235 882 4280 25
904 4229 1069 4297 Corrrpr'lclr'a
1090 4231 1155 4284 dos.

214 4322 242 4374 p.
259 4308 320 4371 144,
337 4301 387 4357 liu.
400 4308 449 4357 al:
474 4301 520 4371 (cl.
539 4302 575 4355 ad
594 4302 628 4356 ld
650 4310 683 4356 10
700 4322 764 4375 alep.
785 4307 865 4375 crit).
888 4342 918 4349 --
940 4309 1006 4362 inid.
1027 4310 1074 4363 lin.
1095 4317 1110 4362 4
1132 4311 1168 4363 ali
1188 4312 1245 4363 ime
1265 4330 1315 4381 pro

144 4380 271 4437 ‘llutoti’
290 4383 406 4437 restitue
425 4379 600 4439 ‘acontium
