2940 4912
182 231 247 318 325
663 229 737 284 unu
757 235 870 285 1-1.

181 409 284 448 mum.
316 392 443 459 ‘curam’‚
463 390 535 445 illud
554 391 647 460 ipsum
666 391 739 445 ‘tota
756 391 850 445 mente
870 390 1020 446 laborare’.
1039 422 1072 431 -
1094 391 1141 446 17.
1162 404 1256 460 quare
1276 405 1355 446 nunc

181 481 297 537 animos
316 480 422 536 saltem
441 480 613 536 counertlte
632 481 764 536 nestros.
793 481 878 535 ‘nuno
897 480 1009 534 saltem’
1031 480 1182 550 coniunge:
1202 479 1232 534 in
1247 497 1356 534 summo

181 570 316 626 uictoriae
331 569 464 640 periculo.
492 586 663 639 quamquam
678 586 741 624 cum
755 571 824 624 haec
838 568 916 623 notio
931 585 985 624 non
1001 570 1039 624 ait
1053 570 1198 640 arguenda
1213 571 1242 623 et
1257 570 1353 623 ‘nnnc’

182 659 311 727 sufficiat,
332 657 498 714 ‘conuertite
513 658 632 713 animos’
648 659 744 713 autem
758 674 842 730 aegre
856 662 952 714 careat
965 658 1063 714 addito
1078 657 1184 727 aliquo,
1203 658 1293 712 ueluti
1308 658 1357 713 ‘ad

182 749 235 803 hoc
259 749 413 803 certamen'
439 750 490 816 (ex.
510 766 551 817 gr.
576 747 637 801 Lin.
661 746 752 801 XXVI
776 755 824 814 4ο,
850 753 882 802 11
906 750 944 804 aet
967 765 1064 818 aprum
1087 749 1228 803 colendum
1251 749 1358 802 animos

182 839 361 906 conuoetere),
389 836 545 905 suspicatus
569 854 630 889 sum
654 852 688 890 ex
711 834 804 904 glossa
827 835 987 905 prouenisse
1012 836 1147 903 ‘saltem’,
1175 853 1247 906 qnae
1273 852 1359 906 supra

183 941 294 979 uersum
312 925 453 994 adscripta
471 927 500 979 et
516 942 567 993 pro
582 924 661 978 naria
674 923 794 978 lectione
809 927 927 993 accepta
941 939 1038 979 nocem
1054 926 1209 994 expulisset
1222 942 1240 979 a
1254 922 1359 980 litteris

183 1013 356 1069 simillimam
376 1013 424 1067 'ad
443 1014 524 1078 rem’3
544 1013 578 1067 cf.
598 1012 750 1067 dictionem
770 1012 818 1067 ‘ad
837 1029 896 1066 rem
912 1012 1014 1067 redire’
1034 1013 1206 1083 similesque.
1235 1015 1359 1068 ceterum

183 1101 286 1158 iterum
306 1101 485 1158 ‘conuertite'
512 1101 631 1157 debetur
653 1100 726 1157 libro
745 1101 781 1156 'l's
809 1102 1003 1156 ‘committite’
1029 1103 1145 1172 praebet
1162 1102 1188 1159 V
1207 1102 1266 1157 sine
1284 1103 1359 1157 insto

184 1208 267 1247 sensu
291 1192 356 1262 (duo
379 1190 534 1246 aduersarii
556 1191 737 1246 committunt
760 1191 949 1263 praelium).
975 1223 1008 1232 -
1033 1192 1081 1248 18.
1105 1192 1208 1248 dicere
1231 1191 1291 1246 lam
1314 1190 1359 1247 ln·

183 1280 315 1352 clpteut,
343 1281 401 1334 lam
424 1280 610 1348 respondere
633 1279 762 1335 decebit.
803 1280 886 1350 Verg.
907 1281 957 1336 ecl.
978 1286 1063 1349 3,18
1086 1282 1191 1350 incipe,
1210 1279 1361 1345 Damoeta,-

186 1375 217 1422 su
244 1369 342 1423 deinde
370 1384 489 1437 sequere,
512 1368 659 1435 Menelao„-
685 1369 800 1423 alternis
823 1369 931 1423 dicetis:
959 1375 1054 1423 amant
1081 1356 1190 1423 alterne
1207 1369 1359 1442 ‘Camenae

184 1458 267 1512 huius
291 1459 400 1523 autem,
422 1455 497 1524 quod
521 1456 578 1511 iam
601 1457 739 1525 sequitur,
764 1457 895 1511 carminis
919 1456 1065 1511 amoebaei
1089 1455 1134 1526 (cf.
1155 1458 1232 1512 Seru.
1252 1457 1288 1511 ad
1308 1458 1360 1512 ecl.
1458 1469 1466 1491 ⁸

186 1552 211 1614 3,
230 1550 275 1614 29)
294 1549 351 1600 tres
370 1546 457 1615 uulgo
475 1547 636 1600 statuuntur
653 1549 748 1615 partes
767 1545 931 1615 potissimae
950 1549 1079 1615 (20-30,
1099 1552 1361 1616 32-37,19-18),

185 1634 215 1689 in
234 1652 350 1703 quarum
370 1651 535 1703 unaquaque
554 1633 713 1704 puellarum
732 1633 815 1689 dictis
833 1634 1004 1704 respondent
1021 1622 1143 1690 iuuenes.
1173 1636 1250 1714 etin
1268 1634 1361 1706 prima

187 1723 299 1793 quidem
319 1727 399 1794 parte
419 1723 509 1793 magis
528 1722 557 1776 in
576 1721 738 1778 uniuersum
753 1724 893 1793 Hesperus
913 1726 942 1777 et
955 1726 1102 1777 accusatur
1120 1727 1150 1779 et
1168 1724 1312 1792 laudatum
1332 1724 1362 1780 in

186 1814 290 1880 altera,
314 1813 434 1868 transitu
453 1813 488 1867 ad
507 1812 598 1882 ipsam
617 1829 675 1867 rem
693 1813 784 1879 facto,
807 1812 883 1881 qnod
902 1812 1049 1882 aequalem
1069 1821 1163 1867 caram
1184 1816 1278 1882 (quam
1303 1815 1360 1870 iam

186 1902 461 1973 appropinquantem
484 1901 537 1956 tibi
561 1902 660 1972 fingas)
684 1901 779 1971 rapuit
799 1901 903 1971 Vesper
925 1902 1080 1970 queruntur
1106 1900 1241 1969 femmae,
1264 1905 1363 1959 contra

187 2008 257 2060 quas
284 1993 399 2046 tuentur
426 1990 543 2046 eundem
572 1993 600 2044 et
624 1989 770 2046 simulatos
793 2007 853 2046 esse
876 1989 989 2045 illarum
1012 1994 1127 2060 questus
1150 1995 1272 2063 arguunt
1294 1993 1362 2047 adn·

186 2081 339 2145 lescentes;
364 2079 394 2133 in
417 2079 504 2135 tertia
526 2079 646 2150 denique
670 2082 750 2149 parte
774 2080 886 2149 puellae
909 2079 1048 2149 uirginem
1071 2097 1171 2150 puram
1189 2086 1364 2151 castamque,

187 2169 302 2224 iuuenes
321 2169 438 2224 eandem
457 2170 576 2238 nuptam
594 2168 768 2238 praedicant.
787 2199 820 2209 -
844 2168 892 2223 20.
912 2168 965 2236 qni
984 2168 1069 2224 caelo
1088 2169 1189 2225 fertur
1207 2170 1364 2226 crudelior

188 2257 287 2326 igniat
314 2257 344 2312 in
363 2258 441 2313 caelo
460 2257 598 2325 uoluitur,
617 2257 688 2312 facit
700 2257 768 2326 iter;
787 2257 916 2314 German.
931 2275 1029 2327 progn.
1044 2263 1070 2326 2,
1085 2265 1100 2312 2
1116 2258 1214 2329 [PLM.
1229 2258 1241 2311 l
1256 2277 1282 2329 p.
1300 2261 1363 2328 187]

183 2349 325 2418 peridem
345 2348 501 2417 Cythereius
520 2347 594 2417 ignis
616 2347 705 2413 fertur
723 2347 782 2401 iter.
821 2346 938 2416 ‘ignis’‚
957 2348 989 2400 ut
1007 2347 1074 2400 Hor.
1094 2346 1138 2401 od.
1158 2347 1171 2399 l
1192 2353 1238 2414 12,
1258 2354 1291 2402 17
1311 2351 1363 2403 mi-

188 2445 233 2494 cot
252 2480 276 2493 ..
295 2439 367 2491 inter
385 2438 461 2506 ignes
479 2437 548 2491 lurra
566 2438 692 2492 minores.
720 2438 844 2504 ceterum
863 2435 910 2490 hic
929 2453 1040 2505 quoqne
1058 2436 1170 2491 nunc'l'
1191 2434 1363 2505 sequendum

189 2528 258 2597 puto
278 2525 362 2595 ‘quis’
385 2527 428 2594 (ut
442 2529 471 2580 et
488 2544 514 2580 u.
531 2528 576 2595 26)
590 2525 779 2596 praebentem,
799 2523 966 2595 simpliciter
984 2542 1047 2580 cum
1067 2525 1262 2596 interrogetur,
1282 2545 1362 2580 unm·

189 2615 265 2684 quod
284 2615 313 2668 in
332 2615 410 2669 caelo
434 2614 471 2668 sit
493 2614 570 2668 sidus
594 2630 683 2682 aeque
706 2613 831 2682 crudele,
854 2630 910 2667 non
933 2613 1003 2668 illud
1023 2615 1124 2682 etiam,
1148 2613 1231 2683 quale
1254 2615 1365 2671 sithoc

191 2705 280 2770 sidus;
300 2706 329 2758 et
347 2720 516 2773 quamquam
541 2702 595 2758 hoc
614 2703 763 2757 discrimen
786 2705 884 2758 notum
908 2720 963 2757 non
986 2720 1094 2774 semper
1112 2703 1193 2759 anxie
1213 2703 1252 2758 sit
1270 2705 1365 2759 obser-

190 2797 301 2861 uatum,
325 2793 371 2846 hic
394 2796 490 2848 tamen
509 2792 619 2847 meliori
642 2792 708 2847 testi
724 2792 796 2846 illud
820 2792 944 2847 seruasti
968 2792 1050 2847 fidem
1071 2793 1224 2848 habeamus
1244 2799 1365 2864 oportet.

192 2914 225 2924 —
241 2883 289 2937 21.
309 2882 362 2950 qni
376 2882 478 2936 natam
493 2882 592 2950 possis
607 2881 758 2950 conplexu
772 2881 907 2936 auellere
921 2882 1040 2938 matris.
1069 2883 1140 2950 ‘qni’
1157 2882 1280 2952 explicat
1293 2884 1366 2938 illud

193 2972 369 3026 ‘crudelior’:
393 2988 456 3024 cum
480 2986 498 3024 a
521 2974 549 3024 te
573 2970 713 3040 inpetrare
737 2969 828 3041 possis
852 2973 884 3024 11
903 2971 1023 3037 1111111;
1046 2971 1279 3040 quemadmodum
1305 2990 1365 3028 sae·

193 3062 256 3130 pius
276 3061 381 3129 ‘posse’
402 3075 520 3114 neruosa
543 3058 657 3129 ponitur
676 3061 719 3128 (ut
736 3058 870 3112 vafflb
891 3066 918 3127 1,
938 3058 1007 3113 Aen.
1028 3059 1066 3113 IX
1083 3064 1154 3128 482).
1191 3060 1275 3131 Verg.
1296 3062 1366 3118 Aen.

194 3151 233 3204 IV
253 3155 305 3204 116
324 3151 458 3218 conplere
477 3150 588 3203 aetolaus
607 3150 681 3215 Iule}
701 3148 736 3202 de
755 3151 838 3217 raptu
856 3148 974 3218 uirginis
993 3149 1088 3219 cogita
1105 3147 1177 3217 (LXI
1196 3156 1229 3204 11
1250 3152 1312 3219 sq).
1334 3183 1367 3190 —-

193 3239 242 3294 22.
265 3238 446 3293 retluentem
470 3238 499 3291 iu
525 3236 577 3292 hac
601 3237 769 3306 repetitione
794 3255 902 3292 summo
927 3255 991 3292 cnm
1015 3236 1116 3293 affectu
1139 3239 1217 3294 lacta
1240 3241 1368 3295 continet

193 3328 394 3399 gradationem.
438 3327 570 3396 supplent
592 3326 679 3396 uulgo
704 3326 813 3381 ‘matris
837 3326 1030 3397 conplexum’3
1054 3326 1129 3395 quod
1152 3327 1185 3380 fit
1208 3327 1367 3385 durissime.

192 3435 244 3473 nec
263 3417 362 3471 melius
382 3433 411 3470 se
430 3415 518 3471 habet
535 3415 763 3471 subintellectum
780 3417 848 3482 ‘se’;
867 3416 942 3485 quod
959 3419 992 3471 ut
1010 3415 1100 3486 possit
1118 3417 1250 3487 suppleri,
1270 3422 1367 3474 tamen

195 3507 236 3561 ‘se
255 3505 386 3561 retinere’
408 3520 464 3559 non
483 3523 528 3572 ea,
552 3522 608 3574 qua
626 3506 671 3559 hic
690 3523 759 3576 opus
778 3509 833 3574 est,
851 3505 940 3559 utitur
958 3504 1170 3574 significatione.
1207 3504 1366 3563 Gronouius

196 3597 291 3668 [diatr.
311 3594 341 3649 in
360 3595 430 3650 Stat.
449 3595 462 3649 I
481 3613 507 3665 p.
524 3600 575 3649 181
590 3595 637 3666 Η.]
658 3596 742 3650 tacite
762 3594 883 3650 correxit
902 3594 935 3649 ‘c
954 3596 1037 3649 natae
1057 3596 1223 3649 retinentem
1243 3611 1287 3651 au.
1306 3614 1366 3652 ma·

194 3686 288 3752 trem’,
302 3703 357 3738 non
372 3686 450 3739 bene.
479 3685 608 3754 praefero
623 3681 794 3757 ‘retinente’,
814 3690 846 3739 ut
865 3684 983 3739 ‘natam'
1004 3682 1042 3737 sit
1056 3700 1201 3738 commune
1217 3685 1366 3743 obiectum.

195 3772 270 3827 belle
295 3773 382 3839 enim,
406 3771 500 3841 siquid
524 3772 627 3839 sentio,
652 3772 750 3826 matris
774 3773 925 3843 conplexus
948 3773 1009 3842 ipse
1032 3768 1136 3827 dicitur
1163 3773 1284 3830 retinere
1308 3776 1368 3831 siue

196 3879 252 3916 non
272 3860 344 3915 nelle
364 3862 504 3916 dimittere
527 3860 627 3927 filiam;
652 3860 754 3931 quain
778 3879 807 3916 re
826 3862 916 3916 maior
934 3862 1078 3932 opprobrii
1096 3862 1140 3916 uis
1158 3879 1241 3932 quam
1261 3863 1290 3918 in
1309 3866 1369 3921 iilia

194 3951 359 4006 reluctante.
379 3981 411 3990 -
431 3949 481 4005 28.
501 3951 604 4006 iuueni
623 3951 754 4006 ardenti.
783 3952 827 4005 cni
846 3955 943 4022 pectus
961 3952 1051 4006 uritur
1068 3951 1209 4022 intimum,
1227 3952 1288 4008 LXI
1305 3960 1366 4022 170,

195 4040 245 4094 111
264 4046 298 4094 16
316 4041 375 4107 sero
393 4041 496 4095 iuueni.
517 4072 550 4080 —
571 4040 695 4096 donare.
732 4040 924 4109 dedere(le
944 4046 1001 4112 18),
1025 4043 1058 4095 11
1075 4041 1157 4096 Ouid.
1177 4058 1231 4096 am.
1251 4042 1263 4096 l
1282 4050 1312 4111 2,
1334 4050 1366 4099 12

196 4146 237 4183 me
255 4131 303 4198 qus·
321 4130 372 4183 tibi
390 4131 475 4183 donet
494 4131 587 4185 Amor.
608 4161 641 4170 -
665 4128 713 4186 24.
737 4129 810 4197 quid
834 4129 952 4185 1111111
973 4129 1076 4185 hostes
1100 4133 1189 4200 capta
1211 4133 1368 4191 crudelius

197 4216 290 4272 urbei
326 4216 429 4272 fundus
447 4217 577 4288 imaginis
595 4217 678 4274 huius
698 4220 858 4286 adamatae,
885 4222 917 4273 11
935 4219 1008 4273 uidit
1025 4218 1157 4289 Vulpius‚
1177 4220 1257 4276 Hom.
1278 4223 1310 4280 ll
1329 4226 1368 4280 Ill

198 4311 249 4360 122
264 4323 323 4376 sqq.
363 4307 430 4361 Sall.
451 4308 510 4363 Cat.
530 4314 563 4363 11
583 4315 599 4363 9
618 4327 687 4379 quae
706 4311 768 4364 belli
785 4311 904 4364 seruitio
922 4315 1001 4375 esset,
1019 4326 1089 4378 quoe
1106 4311 1188 4366 uictos
1206 4313 1368 4382 mereat,
