2940 4912
605 316 889 375 PROLEGOMENA.
1291 320 1340 384 37-

149 488 259 546 11155115
279 488 430 565 concepit
450 488 567 564 odium3
585 507 681 564 neque
698 490 806 566 postea
826 487 950 548 Romam
969 506 1108 547 reuersus
1128 489 1334 550 5515111155-

148 588 201 647 515
218 587 337 646 referre
359 587 465 645 uicem
484 586 666 646 carminibus
685 586 800 646 acerbis
819 586 847 645 X
864 589 897 646 et
914 585 1058 662 XXV1H3
1077 587 1106 645 in
1127 587 1236 663 quibus
1255 591 1334 665 quod

147 688 253 745 lamam
278 685 410 744 nullum
436 703 469 744 se
493 685 631 744 retulisse
650 685 798 761 queritur,
822 703 993 761 aequoque
1018 685 1154 745 consulto
1173 686 1246 746 15511
1269 707 1333 764 spe-

146 798 255 843 rantem
291 802 312 842 a
344 786 494 859 praetore
526 784 604 859 quod
637 803 739 843 omnes
772 783 1001 843 contubemalas
1030 783 1067 842 ab
1097 802 1130 843 eo
1162 785 1332 860 sperabant,

145 882 281 941 nimiunn
305 901 371 958 quo
396 881 498 940 aerius
526 881 693 958 iustiusque
720 881 750 940 in
775 901 844 941 eum
866 882 963 957 possit
989 882 1100 942 inuehi.
1146 882 1199 941 sed
1222 883 1254 940 in
1276 885 1332 945 hoc

147 999 238 1040 reram
268 984 376 1057 stata,
403 978 553 1056 quidquid
580 979 732 1040 adamauit
760 979 916 1055 Nicaeam,
944 980 1116 1039 laetabatur
1144 1000 1215 1041 uere
1238 1000 1264 1040 5.
1289 984 1330 1043 56

145 1080 283 1139 aduenire
308 1082 441 1155 tempas
464 1077 608 1136 abeundi:
631 1078 778 1138 ualedixit
799 1097 824 1137 c.
843 1077 942 1136 XLVI
964 1079 1042 1139 caris
1066 1079 1218 1140 sodalibus
1241 1081 1331 1142 Asiae

145 1178 234 1239 class
259 1180 359 1237 urbes
385 1178 510 1236 uisurus
530 1179 561 1236 et
580 1176 648 1235 hino
666 1177 696 1235 in
715 1177 845 1254 patriam
864 1177 1025 1236 rediturus.
1056 1177 1107 1254 qui
1125 1178 1240 1238 reditus
1260 1200 1331 1256 quo·

145 1295 208 1337 um
231 1275 328 1336 modo
355 1294 416 1334 usu
446 1264 564 1334 5555111
591 1275 754 1351 5555111155,
782 1266 859 1335 salso
887 1275 980 1352 uulgo
1007 1278 1128 1351 putant,
1157 1280 1331 1353 postomia

146 1375 289 1452 llrthynia
314 1390 516 1449 comparasse
544 1372 601 1432 sibi
629 1374 786 1450 phaselum
815 1393 908 1450 eoque
931 1377 1084 1433 reuectum
1109 1393 1174 1434 esse
1197 1395 1251 1451 per
1273 1378 1332 1436 iter
1429 1408 1438 1421 =

146 1478 174 1533 in
195 1494 218 1533 5
241 1473 289 1532 IV
313 1472 522 1548 descriptum:
552 1472 631 1532 hunc
653 1473 810 1549 phaselum
836 1491 896 1532 non
919 1472 1012 1531 luisse
1037 1471 1149 1531 Catulli
1172 1493 1226 1549 pro
1250 1480 1330 1535 certo

147 1578 238 1649 potest
264 1570 390 1631 haberi.
423 1570 482 1630 hoc
505 1589 635 1647 quoque,
657 1571 801 1648 quamdiu
824 1571 854 1629 in
873 1570 973 1630 reditu
993 1575 1191 1632 commoratus
1211 1574 1251 1632 sit
1269 1573 1329 1648 ille,

146 1672 301 1730 abacorum
328 1674 395 1745 est3
419 1687 602 1746 quamquam
627 1688 694 1728 enm
719 1673 863 1729 autumno
887 1688 912 1729 a.
933 1672 974 1728 56
998 1669 1160 1729 reuertisse
1179 1670 1329 1732 Veronam

147 1764 213 1847 lJnon
235 1770 310 1829 uisa
335 1758 452 1847 Roma)
475 1767 685 1844 perprobabile
709 1771 768 1827 est:
792 1787 853 1844 qua
875 1768 992 1827 laetitia
1014 1768 1104 1828 animi
1128 1769 1235 1843 elatus,
1258 1770 1329 1831 licet

147 1868 255 1927 itineris
280 1865 447 1926 laboribus
475 1866 595 1942 penitus
618 1866 816 1945 defatigatus,
844 1867 1025 1926 salutauerit
1047 1868 1145 1927 lacum
1168 1868 1327 1944 Benacum,

147 1967 190 2025 ahi
210 1967 243 2025 in
268 1965 352 2024 uilla
375 1967 506 2041 paterna
529 1984 561 2023 se
584 1965 751 2024 reiecturus
780 1966 858 2037 erat,
887 1965 1018 2025 ostendit
1045 1966 1131 2025 dulce
1157 1969 1327 2043 poematica

147 2064 244 2125 ΗΠ.

227 2163 342 2223 Hieme
358 2180 386 2220 a.
402 2156 499 2241 56s55
515 2160 651 2221 Veronae
666 2161 750 2237 degit
764 2160 901 2221 Catullus
919 2163 956 2222 de
975 2163 1065 2222 rebus
1084 2164 1199 2224 interea
1214 2165 1326 2226 Romae

148 2263 233 2338 gestis
253 2280 312 2338 per
331 2261 449 2320 amicos
469 2261 578 2320 certior
597 2259 693 2320 factus
714 2252 787 2342 (huc
804 2260 901 2320 refero
921 2280 944 2321 o.
959 2255 1069 2343 XLIX)
1089 2263 1207 2338 iamque
1226 2265 1326 2323 animo

147 2361 251 2422 reiecto
265 2360 428 2436 alacrique
443 2359 555 2435 partim
569 2357 677 2418 studiis
693 2358 805 2418 seueris
820 2358 939 2418 deditas
950 2351 1028 2436 (tum
1043 2360 1171 2419 maxime
1185 2380 1208 2420 c.
1220 2361 1325 2440 LXIV,

149 2460 169 2517 11
188 2480 246 2520 non
271 2459 462 2536 perfectum,
486 2461 566 2516 certe
594 2456 766 2515 incohatum
793 2449 994 2538 putauerim),
1015 2459 1124 2535 partim
1152 2459 1245 2518 aetati
1273 2462 1325 2520 ali·

148 2578 226 2633 qaam
250 2557 362 2617 ludum
387 2555 553 2616 concedens
578 2559 609 2615 et
632 2573 686 2614 nec
708 2555 805 2614 iocum
828 2556 959 2631 lepidum
980 2549 1082 2637 (XVII
1105 2557 1174 2616 huic
1197 2561 1324 2635 tempori

149 2647 294 2737 adscribo)
320 2674 377 2713 nec
401 2672 537 2713 rumores
561 2653 738 2729 fabulasque
757 2645 899 2734 (LXVII)
919 2673 1071 2730 spernens.
1106 2660 1170 2714 tum
1193 2677 1246 2732 per
1270 2659 1323 2718 ali·

157 2755 218 2828 paud
242 2766 370 2830 tempus
395 2751 514 2811 Caelius
539 2752 634 2810 Rufus
663 2753 774 2811 amicus
798 2746 937 2811 Veronae
966 2753 1084 2828 degisse
1108 2749 1323 2835 511151511151-

149 2866 219 2911 tasse
243 2854 294 2911 hic
320 2856 370 2909 est
393 2850 506 2908 amicus
530 2850 594 2925 ille,
619 2851 702 2909 cuius
726 2851 922 2924 cogitationes
943 2852 1079 2911 Catullus
1103 2854 1170 2912 uult
1194 2874 1323 2914 commu·

150 2952 240 3009 meare
255 2971 328 3010 cum
344 2947 474 3006 Caecilio
490 2948 709 3024 Nouicomensi,
728 2967 751 3006 c.
766 2944 901 3028 XXXV),
917 2951 1025 3025 quippo
1041 2950 1123 3010 cuius
1140 2952 1192 3010 liat
1212 2956 1322 3014 5155115

151 3070 174 3107 a
194 3049 281 3126 cyclo
305 3046 439 3123 quodam
459 3047 635 3119 carminum,
657 3066 733 3122 quae
752 3047 807 3108 hoc
827 3052 961 3124 tempore
981 3049 1091 3123 scripta
1111 3069 1175 3110 esse
1194 3054 1322 3112 maximo

151 3162 187 3205 1.·’5
212 3148 278 3205 ueri
303 3145 411 3204 simile.
459 3163 554 3219 neque
578 3146 655 3203 onim
680 3165 782 3205 omnes
810 3147 937 3205 feminas
961 3152 1082 3222 proptor
1105 3148 1232 3209 Lesbiae
1256 3171 1321 3226 par-

151 3248 241 3305 t'diam
268 3263 397 3321 perosus
423 3243 559 3301 (atauus
582 3244 691 3302 iterum
720 3245 828 3303 amoris
860 3246 920 3302 uim
944 3246 1094 3321 persensit
1121 3246 1151 3304 in
1175 3248 1322 3326 Aufdcaa,

151 3346 268 3403 nuliere
284 3347 384 3418 nupta
398 3342 565 3400 l'eroncasi
582 3336 618 3421 (1.1
635 3346 652 3400 ‘2
675 3347 705 3401 51
720 3344 786 3401 (¹le
803 3338 851 3423 ll:
872 3344 959 3402 huius
980 3344 1104 3403 fratrom
1125 3353 1187 3402 1551
1209 3349 1321 3405 curauit

152 3445 278 3518 ¹beditas,
298 3444 397 3518 ipsam
417 3460 560 3499 unacum
581 3442 700 3500 t‘alullo
720 3440 858 3510 Quintius
879 3443 999 3517 quidam
1016 3436 1027 3507 1
1047 3437 1077 3522 ’).
1108 3443 1159 3501 sed
1175 3444 1320 3521 Aufilcno,

153 3544 289 3600 meretrix
315 3541 425 3599 callida
448 3546 478 3597 et
502 3545 637 3614 uersuta,
665 3540 750 3597 uafre
774 3541 884 3600 delusit
912 3546 1030 3615 poetam
1054 3542 1161 3599 abhinc
1185 3544 1215 3599 in
1239 3562 1319 3603 arao-

149 3640 222 3697 ahu,-
250 3641 316 3697 suis
340 3657 483 3714 perquam
511 3638 658 3696 infelicem
684 3642 691 3697 1
699 3639 748 3695 t'X
774 3645 804 3697 et.
829 3634 921 3719 t'XI),
947 3640 997 3698 seul
1023 3660 1053 3697 so
1078 3640 1233 3700 amandam
1259 3650 1318 3701 tra-

150 3739 216 3797 ¹iidil
242 3738 383 3809 Quintio,
406 3756 493 3813 quem
519 3740 622 3813 utpote
647 3737 773 3796 amicum
803 3743 869 3812 post
898 3757 921 3796 5.
946 3738 1084 3796 Lxxxll
1109 3760 1167 3798 non
1192 3743 1318 3818 amplius

150 3837 309 3896 insectatus
335 3838 381 3894 est
404 3840 521 3907 noster,
545 3837 602 3894 5155
627 3837 664 3894 ab
688 3854 788 3894 amore
812 3837 864 3893 illo
889 3836 1043 3895 desistens

231 3936 312 3993 Vero
338 3935 472 3993 555155
499 3934 636 3994 Catullus
662 3937 786 3993 llomara
810 3935 899 3993 rediit
923 3935 1021 4011 ibique
1046 3956 1100 4011 por
1124 3944 1171 3996 sat
1195 3940 1317 4015 longum

148 4048 261 4111 ‘uapus
276 4032 369 4106 degit.
403 4039 472 4091 tunc
489 4033 572 4091 tlalui
594 4034 819 4092 familiarissimi
835 4034 962 4092 orationi
982 4035 1012 4092 in
1029 4036 1181 4093 Vatinium
1198 4038 1318 4095 liabitas

148 4134 241 4203 ·l.lll,
267 4131 321 4189 5111
346 4152 373 4189 5.
397 4124 515 4210 comm.)
544 4134 682 4191 interluit
709 4152 834 4207 cumque
864 4133 964 4191 anderu
995 4135 1112 4208 saepius
1142 4135 1230 4191 simul
1255 4140 1319 4193 5151.

147 4232 207 4291 -1,·;
236 4238 310 4290 tunc
339 4229 475 4288 conuenit
506 4229 664 4289 Fabullum
694 4237 724 4290 55
753 4232 914 4290 l'craniuru
945 4233 1053 4291 auricus
1083 4251 1116 4289 or
1147 4233 1319 4291 1155555515

146 4350 279 4391 reuersas
306 4328 466 4409 lxxvlll,
490 4326 632 4409 lavit),
662 4336 731 4390 1555
753 4331 824 4389 l'ari
850 4333 920 4389 uisit
945 4331 1073 4406 lepidam
1098 4330 1222 4387 51515515
1248 4324 1317 4411 (Ὦς

145 4444 210 4491 tanc
234 4432 355 4490 aestate
380 4428 444 4487 siue
468 4432 611 4486 55151555
636 4430 805 4488 t'amcrium
830 4450 914 4488 sumu
944 4449 997 4504 per
1021 4432 1113 4488 totum
1140 4429 1243 4486 5111515
1268 4448 1317 4487 55-
