2940 4912
658 330 745 384 uxvs
765 301 833 383 t-4
1028 296 1030 299 ⁵
1273 332 1337 394 459

164 495 351 557 oppupuotum
372 491 512 558 profectus
535 496 612 557 esset,
639 492 746 545 uouisse
765 493 927 556 Berenicen,
951 495 976 545 si
993 494 1083 546 uictor
1102 492 1271 546 Ptolomaeus
1290 511 1328 546 re-

165 579 257 645 disset,
274 596 302 634 se
316 581 415 633 crinem
431 581 613 633 detonsarum.
651 597 704 649 quo
718 586 782 634 uoto
796 584 974 651 elaoipuatom
988 583 1076 636 crines
1091 582 1230 648 (‘crinem'
1247 582 1337 649 codd,

165 671 213 740 qui
232 686 297 724 mox
317 669 457 736 ‘eosque’)
476 670 507 721 in
528 668 638 723 Veneris
651 669 782 724 Arsinoes
798 671 986 740 Zephyritidis
996 673 1120 739 posuisse
1134 671 1231 739 templo
1245 686 1339 739 eosque

161 765 271 828 postero
295 759 338 811 die
362 774 417 811 nou
440 759 624 826 conparuisse.
666 761 738 827 quud
763 761 867 826 socium
891 778 952 814 cum
970 777 1019 814 rex
1037 777 1115 828 aepre
1133 762 1224 827 ferret,
1245 759 1338 813 Oouou

166 847 405 919 [mathematicus]
423 848 535 916 cupieris
553 849 625 900 inire
638 849 759 914 oratiam
772 851 844 917 repis
858 850 931 902 dimit
945 851 1045 903 crinem
1060 851 1131 902 iuter
1144 850 1235 902 sidero
1249 849 1336 903 conlo·

166 942 256 992 caium
279 937 370 991 uideri
393 942 418 990 et
440 939 572 1006 quasdam
597 953 701 991 uacuos
723 955 741 991 o
763 938 855 1007 iipura
878 945 976 1006 septeni
999 939 1090 991 stelias
1112 938 1245 1001 ostendit,
1268 954 1337 1006 quas

165 1042 219 1081 esse
240 1027 353 1095 fiupcret
375 1027 483 1079 crinem.
521 1027 592 1080 lione
610 1026 761 1080 Berenicen
783 1029 913 1081 nonnulii
934 1045 993 1080 curn
1015 1026 1182 1081 Goiliouiclro
1207 1027 1338 1080 dicerunt

166 1132 247 1185 equas
268 1117 340 1169 aiere
358 1121 383 1167 et
402 1116 439 1168 ud
458 1115 585 1185 Olympia
603 1117 708 1170 mittere
726 1122 879 1170 cousuetam
897 1119 989 1183 fuisse,
1028 1118 1080 1170 ulii
1098 1133 1147 1184 eqs
1167 1115 1212 1183 (ci.
1233 1115 1338 1168 testim.

165 1204 220 1259 nol.
241 1205 252 1257 Ι
271 1204 307 1258 ad
326 1222 352 1260 a.
372 1205 425 1273 26).
468 1208 568 1274 aperie
592 1209 637 1259 est
659 1221 703 1259 res
728 1205 802 1274 ipsa:
827 1206 898 1260 clam
919 1205 1083 1259 tollentibus
1102 1204 1201 1258 aulicis
1224 1201 1338 1271 quibas·

166 1295 231 1348 dam
247 1293 295 1347 ubi
310 1293 403 1346 subito
418 1291 507 1346 cunas
521 1293 549 1345 in
564 1294 670 1363 templo
686 1293 772 1362 positi
787 1310 842 1347 non
857 1294 1055 1363 adpaiuernnt
1068 1298 1126 1346 tum
1137 1310 1204 1347 uero
1219 1293 1338 1347 fortasse

166 1380 341 1436 Callimacho
356 1382 476 1436 maxime
492 1382 652 1450 inpellente,
668 1382 717 1450 qui
731 1383 787 1435 ium
799 1381 827 1435 iu
838 1381 1040 1452 epigrammate
1051 1383 1171 1451 quodam
1183 1383 1229 1453 [52
1241 1381 1337 1452 Schu]

166 1472 292 1539 reginam
316 1487 394 1523 suam
419 1470 612 1525 celebrauerat
631 1473 662 1524 ut
680 1472 840 1526 Grai-iarum
860 1489 958 1539 unam,
982 1472 1077 1527 Conon
1097 1472 1150 1526 hoc
1168 1488 1270 1524 nouum
1291 1487 1337 1524 ex-

166 1560 304 1629 cogitauit
327 1560 498 1613 adulationis
521 1577 622 1629 genus,
647 1563 678 1613 ut
701 1577 809 1614 comam
834 1578 852 1614 a
874 1561 982 1615 Venere
1005 1561 1079 1615 inter
1102 1561 1195 1615 sidera
1217 1561 1336 1630 positam

166 1649 339 1715 adfirmaret,
368 1651 454 1717 poeta
481 1651 576 1703 autem
601 1650 800 1717 exquisiturum
824 1648 1024 1703 blanditiarum
1050 1650 1196 1704 materiam
1219 1651 1338 1704 nanctus

166 1739 209 1793 est
226 1737 278 1792 hoc
299 1737 434 1804 carmine,
454 1755 509 1808 quo
527 1737 602 1807 ipsos
620 1755 720 1809 nempe
739 1739 829 1793 crines
849 1739 994 1808 loquentes
1013 1738 1132 1793 inducit:

693 1894 811 1950 Lm

238 2007 266 2060 1.
285 2005 392 2060 timuis
410 2005 461 2072 qut
482 2006 581 2073 magui
601 2006 736 2075 dispexit
754 2007 869 2061 lumina
888 2007 1003 2062 muudi.
1041 2007 1112 2075 ‘qui’
1129 2007 1260 2082 cohaeret
1274 2025 1335 2061 cum

165 2114 192 2150 ιι.
213 2102 228 2148 'l
249 2095 335 2148 ‘idem
355 2094 404 2147 ille
423 2095 543 2148 Conon’:
568 2111 586 2148 a
604 2094 799 2150 mathematici
818 2095 901 2150 laude
922 2097 1001 2166 larga
1019 2099 1111 2164 (1-6)
1135 2095 1235 2165 incipit
1254 2097 1336 2150 Calli-

165 2184 293 2251 machus,
317 2201 372 2251 quo
398 2182 486 2237 maior
509 2183 585 2238 illius
610 2184 725 2239 inuento
749 2186 818 2239 fides
841 2185 968 2240 accedat.
1005 2187 1071 2239 hinc
1090 2188 1119 2240 ct
1138 2185 1253 2239 ‘omnia'
1273 2203 1336 2239 cum

165 2271 194 2326 ui
210 2273 410 2342 praepositum,
424 2274 497 2326 unde
513 2275 543 2328 et
556 2274 608 2328 hoc
622 2291 725 2328 nouum
742 2275 817 2327 sidus
831 2273 912 2328 illum
927 2291 982 2328 aon
997 2274 1102 2344 fugisse
1115 2291 1198 2329 nemo
1213 2273 1336 2328 miretur.

166 2361 286 2415 ‘mandi‘
308 2360 393 2427 cueli3
412 2361 447 2415 ad
472 2361 560 2416 LXIV
580 2368 640 2417 206.
679 2361 750 2416 Ciris
769 2368 784 2415 7
806 2364 843 2416 ad
865 2363 961 2433 mapni
982 2364 1104 2432 suspexit
1127 2363 1219 2417 sidera
1241 2363 1338 2417 usundi

165 2450 262 2520 (etiam
283 2449 375 2504 Manil.
397 2449 408 2502 Ι
427 2455 479 2504 283
503 2453 596 2505 omnia
623 2469 693 2521 quae
715 2469 818 2506 summo
842 2454 997 2521 despectant
1018 2453 1110 2508 sidera
1132 2453 1233 2506 muodo
1256 2452 1285 2504 in
1307 2468 1337 2506 re

165 2538 278 2593 diuersa
292 2541 385 2592 tamen
401 2541 436 2592 ad
452 2559 478 2593 u.
494 2540 520 2594 h.
535 2541 667 2593 adludere
683 2539 821 2609 uidetur);
837 2541 966 2595 ‘lumina’
984 2541 1147 2609 exquisitius
1161 2557 1210 2610 pro
1222 2539 1336 2594 ‘sidera'

165 2627 260 2698 (Verg.
285 2626 317 2682 (i.
342 2627 352 2680 l
378 2635 393 2682 b
421 2645 471 2683 uos
499 2646 514 2682 o
538 2630 692 2683 clarissimo
717 2631 814 2683 muudi
841 2631 967 2696 lumina).
1010 2629 1171 2700 ‘dispicere'
1199 2629 1285 2699 (male
1314 2628 1337 2683 i

167 2717 333 2787 ‘despexit‘‚
358 2735 420 2771 eum
439 2719 467 2771 in
487 2719 566 2771 caelo
585 2716 740 2786 positorum
760 2719 797 2772 sit
815 2719 973 2784 καθορᾶν),
997 2719 1162 2772 discernere·
1174 2735 1226 2772 non
1247 2717 1337 2771 solum

166 2805 291 2876 corporis
316 2805 417 2873 oculis,
441 2808 489 2876 qai
513 2825 563 2876 per
585 2808 698 2860 umbras
717 2809 879 2878 penetrant,
903 2807 1056 2861 sedetiam
1077 2808 1177 2861 mentis
1196 2806 1257 2861 acie
1281 2807 1336 2860 cal·

166 2895 293 2964 salisque
312 2895 401 2949 laede.
421 2926 456 2935 -
474 2895 504 2951 2.
524 2896 576 2963 qui
592 2896 750 2951 stellarum
765 2897 850 2951 ortus
865 2895 1014 2965 comperit
1027 2896 1117 2964 atque
1132 2895 1243 2951 abluis.
1280 2893 1336 2948 Cic.

166 2986 193 3038 d.
217 3002 256 3040 or.
281 2983 292 3036 Ι
316 2990 359 3052 42,
385 2990 434 3039 187
459 2987 490 3039 in
514 2988 680 3040 astronomia
709 2988 779 3041 caeli
807 2988 961 3052 eouuersio,
990 2991 1066 3041 ortus
1088 2987 1178 3039 obitus
1200 2989 1337 3052 multisque

166 3075 286 3128 siderum
307 3073 351 3139 (de
372 3075 427 3127 iau.
449 3074 459 3126 l
479 3081 526 3139 59,
550 3075 585 3128 de
609 3077 668 3129 fato
692 3081 717 3141 9,
743 3081 799 3141 ll),
822 3074 905 3143 Verg.
927 3075 957 3129 G.
977 3074 989 3128 Ι
1009 3082 1060 3130 tur
1084 3076 1225 3144 sipuorum
1248 3073 1338 3126 obitus

165 3164 337 3231 speculamur
355 3168 379 3215 et
397 3168 481 3227 orites,
500 3162 583 3231 Apul.
602 3164 629 3218 d.
648 3163 701 3218 deo
717 3164 791 3219 Socr.
810 3171 841 3218 12
856 3182 923 3234 quos
938 3165 1125 3234 (planetarum
1141 3163 1242 3230 motus)
1254 3163 1338 3229 probe

166 3253 245 3307 cadet
272 3254 321 3320 qui
348 3254 488 3321 sipuoram
513 3259 590 3306 ortus
617 3259 641 3307 et
669 3255 758 3308 obitus
786 3256 915 3323 coorperit
938 3256 975 3322 (h.
1001 3272 1024 3309 e.
1047 3252 1218 3321 indagauit)‚
1245 3248 1336 3304 Anum.

166 3339 250 3393 Marc.
269 3338 345 3392 XXV
367 3347 408 3406 10,
428 3347 443 3394 3
466 3342 607 3395 stellarum
631 3348 707 3396 orius
739 3344 890 3410 obitusque:
920 3342 961 3396 his
985 3341 1103 3410 aliisque
1128 3341 1196 3395 locis
1215 3355 1283 3394 caue
1302 3355 1337 3392 ne

167 3446 227 3482 cum
257 3428 413 3498 lMeleagro
444 3429 559 3483 ‘abitus'
589 3428 685 3483 elicias
714 3449 747 3484 ex
776 3431 922 3497 ‘habitus’‚
951 3430 1025 3498 quod
1054 3431 1082 3483 in
1110 3429 1133 3484 V
1162 3429 1274 3498 legitur.
1303 3459 1336 3468 -

166 3517 196 3571 a.
211 3517 364 3572 flammeus
380 3519 413 3572 ut
426 3518 527 3587 rapidi
542 3519 617 3572 solis
632 3519 715 3574 nitor
729 3519 920 3573 obscuretur.
959 3519 1095 3586 ‘rapidus’
1112 3518 1157 3585 (ci.
1174 3517 1258 3570 LXIV
1273 3518 1337 3585 2⁷1)

167 3608 301 3660 saliemus
325 3606 361 3661 ob
385 3607 558 3661 celeritatem
579 3607 652 3661 Solis
676 3606 792 3663 cottidie
811 3625 919 3661 cursum
940 3607 1099 3676 peragentis
1119 3607 1278 3675 epithetum
1303 3608 1336 3663 ci.

168 3712 207 3749 ex.
227 3713 268 3763 gr.
288 3696 354 3751 Hor.
374 3696 418 3749 od.
439 3695 463 3748 ll
483 3703 507 3757 9,
529 3702 575 3764 12,
595 3697 673 3751 Ηοιιι.
693 3697 720 3750 Ιι.
741 3697 834 3765 Apoll.
854 3702 905 3750 376
926 3691 1005 3762 ὀξέος
1024 3690 1137 3763 ἠελίοιο.
1176 3695 1245 3761 ‘ut',
1269 3714 1334 3764 quo·

168 3785 262 3852 modo,
286 3786 395 3839 accedit
419 3786 454 3838 ad
480 3786 655 3855 ‘comperit’‚
680 3787 783 3855 quippe
808 3787 883 3854 quod
904 3786 1074 3856 ‘indagando
1095 3785 1178 3838 ernit’
1200 3785 1337 3854 significet

168 3872 212 3939 (ci.
231 3870 298 3927 Aen.
321 3873 344 3926 il
363 3875 398 3942 4).
437 3873 516 3927 Ouid.
537 3878 571 3928 tr.
592 3875 627 3928 Ill
647 3882 671 3938 5,
692 3880 725 3927 55
744 3876 851 3929 nitidus
869 3877 916 3930 soi.
957 3875 1015 3929 Val.
1032 3876 1103 3928 llius.
1122 3872 1184 3926 Vlil
1202 3880 1231 3926 11
1249 3878 1305 3928 ext.
1322 3881 1333 3927 1

170 3962 312 4015 obscurato
325 3968 433 4030 repente
446 3964 512 4026 sole;
528 3965 562 4016 ei.
578 3964 715 4033 expositio
732 3963 813 4017 Plinii
828 3965 855 4018 h.
871 3983 896 4017 n.
914 3966 934 4018 li
953 3971 993 4031 10,
1009 3971 1051 4031 47,
1067 3963 1145 4017 liuor.
1163 3961 1245 4017 vim
1262 3980 1336 4031 sqq.;

169 4052 228 4104 Sea.
249 4069 276 4118 q.
297 4070 322 4102 ιι.
344 4049 394 4102 Vll
414 4058 429 4103 3
450 4052 544 4105 Gaison
561 4058 664 4119 postea,
682 4052 799 4120 dilipeus
817 4058 841 4105 et
855 4054 912 4121 ipse
926 4055 1080 4121 iriqieisitor,
1099 4053 1257 4117 defectiones
1271 4053 1336 4106 solis

168 4145 290 4193 seruatus
308 4139 344 4193 ab
365 4141 506 4210 Aepppliis
520 4141 632 4210 collepit.
651 4172 682 4180 —
697 4139 726 4194 4.
747 4142 780 4195 ut
794 4140 902 4195 cedant
915 4141 1009 4195 coriis
1024 4141 1123 4194 sideru
1139 4139 1335 4208 temporibus.

172 4325 309 4394 proiectus
329 4327 414 4381 esset'
437 4329 465 4379 et
484 4327 518 4381 ‘si
538 4327 629 4382 uictor
648 4330 690 4386 i‘t,
711 4328 849 4382 rediisset’
871 4327 906 4381 ad
926 4327 1057 4380 eurnriuis
1076 4326 1227 4386 Catulliani
1252 4348 1276 4382 ιι.
1305 4334 1334 4383 ts

169 4407 197 4459 et
215 4413 248 4459 ss
266 4413 364 4475 aperte
382 4407 527 4460 adliulunt.
564 4407 645 4476 plura
664 4408 728 4461 uide
747 4409 782 4461 ad
801 4415 842 4461 st.
