2940 4912
618 306 902 365 raonaaonnm.
1305 309 1349 373 49

141 479 329 552 mameae,
357 477 533 551 defictataa,
557 478 724 551 diffitetur,
751 483 918 552 expatraro,
942 479 1104 550 wancare,
1129 479 1243 556 tottam,
1267 482 1349 538 tirra-

146 594 236 643 ποτε,
259 577 438 651 pedicare,
465 576 674 651 salapattiam,
701 576 873 653 scortitlam,
904 596 1031 652 quarum
1055 576 1167 635 multas
1192 576 1242 636 ille
1266 578 1348 636 solus

146 693 221 733 anno
239 673 377 751 quidem
398 674 540 752 praebet
572 677 644 734 sunt
662 673 723 732 alia
742 673 822 731 haud
843 693 953 750 pauca,
973 693 1048 750 quae
1069 694 1105 732 ex
1125 674 1245 750 linguae
1264 675 1349 733 fami·

149 770 228 832 l'nria
252 771 459 832 cottidianae
481 772 619 849 uulgaris
642 772 742 831 indole
766 773 954 848 explicantur
976 773 1006 831 in
1031 772 1077 831 his
1101 771 1292 844 carminibus,
1316 775 1351 831 ut

152 886 318 943 pronomen
333 874 553 945 possessiuum
573 869 638 930 sine
656 869 687 928 ni
707 870 912 946 praepositum
934 861 994 951 (ex.
1009 889 1054 946 gr.
1069 869 1140 927 LIII
1157 871 1175 928 3
1192 873 1222 927 et
1236 867 1290 926 LV
1307 862 1349 948 2),

153 959 206 1025 'est
228 958 356 1048 (sunt)'
383 967 444 1027 snb
468 968 559 1028 certis
582 970 701 1026 tantum
731 968 851 1044 legibus
875 968 1033 1044 omissum3
1056 986 1124 1025 nem
1151 968 1261 1026 eisdem
1285 969 1349 1029 fere

155 1065 402 1143 eondidonibns,
436 1083 513 1142 quas
546 1066 735 1125 enumerarit
768 1065 948 1125 Ritsohelius
982 1066 1117 1141 prolegg.
1145 1086 1173 1141 p.
1194 1065 1260 1125 CIX
1285 1086 1348 1144 sqq.

157 1158 207 1236 [ξε
224 1182 337 1240 opusc.
358 1162 390 1220 V
410 1184 441 1240 p.
462 1165 525 1223 361
542 1181 616 1240 sqq„
639 1163 674 1224 ct.
699 1166 731 1223 et
753 1182 853 1239 opusc.
872 1163 903 1222 II
922 1184 950 1240 p.
971 1165 1034 1223 608
1051 1159 1140 1240 sqq.]‚
1159 1163 1233 1221 illud
1253 1163 1347 1239 abest,

157 1262 281 1321 mxime
305 1263 342 1321 in
367 1262 425 1322 illo
450 1254 553 1338 ‘pote'
578 1264 609 1320 et
631 1254 743 1338 ‘neque
768 1255 853 1343 (nec)
876 1254 1012 1334 mirum',
1039 1261 1070 1319 in
1094 1262 1184 1320 certis
1207 1260 1346 1320 formulis

158 1352 251 1420 {nm
267 1351 324 1441 3),
345 1361 380 1419 in
400 1361 628 1420 enumeratione
643 1360 917 1437 descriptioneque,
937 1365 971 1419 ut
984 1360 1070 1419 XXII
1086 1362 1116 1433 8,
1136 1359 1222 1417 LVII
1238 1362 1255 1419 6
1273 1380 1346 1437 sqq,

159 1457 250 1517 LXIII
276 1460 339 1536 72,
366 1457 470 1516 LXIV
493 1449 587 1539 (184)
614 1460 691 1518 186:
720 1478 797 1536 quae
826 1458 997 1518 obseruatio
1026 1476 1115 1535 qnam
1139 1459 1242 1534 magni
1266 1459 1346 1518 haud

160 1575 221 1616 nro
238 1558 281 1616 sit
300 1556 459 1617 momenti
477 1557 508 1614 In
526 1576 590 1616 rem
608 1557 755 1634 criticam,
773 1557 853 1616 ultro
873 1561 1000 1633 apparet
1019 1547 1071 1637 (of.
1086 1557 1178 1615 etiam
1192 1555 1344 1615 CPSohul-

158 1655 215 1713 ἀπε
238 1649 295 1714 ‘de
321 1653 393 1714 cas
418 1651 524 1714 Graee
546 1646 639 1713 imin'
663 1674 690 1730 p.
712 1651 824 1734 7-9).
869 1673 958 1731 porro
986 1657 1020 1713 ut
1048 1653 1152 1713 comici
1181 1655 1344 1714 secundum

159 1771 240 1812 mm
258 1751 367 1830 plebis
388 1743 442 1833 (ct.
461 1750 582 1810 Brixius
602 1750 639 1810 ad
658 1753 754 1813 Plaut
777 1753 858 1812 Trin.
879 1745 958 1832 709)
981 1751 1253 1828 Catullusquoque
1273 1753 1344 1812 sub·

160 1852 293 1911 metina
317 1850 463 1910 nerbaIIa
484 1849 516 1909 io
539 1852 567 1909 to
590 1849 758 1910 desinentia
785 1849 816 1908 in
840 1849 954 1909 deliciis
978 1849 1082 1925 habet,
1107 1852 1141 1907 ut
1164 1851 1344 1922 adprobatio,

158 1953 331 2017 mio,
359 1949 532 2016 mimate,
555 1951 708 2023 argutatio.
742 1950 774 2007 et
792 1949 865 2007 haec
883 1947 1003 2023 quidem
1022 1947 1059 2006 de
1077 1947 1179 2006 multis
1199 1948 1246 2007 hic
1266 1952 1344 2007 attu-

160 2048 226 2107 lisse
239 2047 396 2124 sufficiat3
415 2064 486 2105 nam
502 2048 602 2106 cetera
620 2045 827 2106 commentarii
847 2045 1091 2122 suppeditabunt.
1125 2046 1344 2106 ostentantem

160 2152 278 2223 pater
298 2164 370 2221 eas,
389 2162 466 2223 quas
484 2144 545 2203 iam
564 2144 667 2219 attuli,
686 2162 777 2221 super
796 2145 842 2205 his
863 2144 952 2203 rebus
973 2143 1199 2204 dissertationes
1215 2143 1345 2204 Conradi

161 2243 244 2322 lInpe
263 2239 318 2304 ‘de
337 2241 590 2321 generedicendi
609 2241 641 2302 C.
656 2242 723 2301 Val.
739 2234 873 2318 citant,
893 2241 1068 2301 Menanterii
1090 2245 1188 2315 1871;
1213 2241 1344 2316 Adelphi

160 2340 254 2403 Reeck
290 2334 350 2400 ‘de
383 2338 622 2400 Catullianornm
655 2339 819 2400 carminum
851 2358 885 2399 re
911 2341 1109 2417 grammatica
1136 2343 1167 2398 et
1194 2332 1344 2416 metrica',

161 2438 370 2501 Intislaniae
386 2436 863 2514 1eraeustaui0verh01thaus
879 2431 1026 2514 ‘syntaxis
1042 2436 1231 2496 Catullianae
1246 2437 1344 2511 capita

161 2534 235 2613 ἀπ’,
261 2538 465 2616 Papenburgi
492 2538 585 2597 1875.

244 2637 284 2697 In
305 2634 464 2713 pronIneia
483 2635 627 2696 educatus
642 2634 780 2696 Catullus
800 2654 818 2693 a
838 2639 941 2695 tenera
959 2637 1077 2711 puerita
1096 2634 1236 2693 adsueuit
1252 2635 1342 2693 etiam

162 2737 275 2811 priscae
302 2733 553 2810 orthographiae,
577 2753 667 2809 quam
690 2734 721 2793 in
744 2734 808 2793 ulta
827 2735 992 2810 posteriore
1011 2753 1128 2809 quoque
1151 2734 1286 2808 retinuit,
1309 2737 1344 2792 ut

163 2835 222 2892 teri
245 2834 330 2893 solet
355 2832 387 2890 in
410 2851 441 2891 re
466 2831 589 2889 minoris
613 2832 763 2893 momenti.
807 2837 838 2890 et
861 2836 908 2891 est
931 2852 1002 2891 sane
1025 2833 1079 2891 illa
1102 2852 1149 2891 res
1174 2833 1289 2890 minuta
1313 2835 1343 2890 et

163 2933 287 3007 pusilla3
308 2949 366 2989 nec
384 2930 478 2990 miror
496 2929 575 3005 quod
590 2930 663 2989 milri
677 2930 809 3006 uestigia
823 2931 938 3006 priscae
955 2931 1103 2990 scribendi
1119 2931 1243 2989 rationis
1264 2929 1343 3005 apud

163 3037 301 3090 nostrum
323 3028 495 3104 exploranti
514 3030 705 3104 seruantique
730 3029 863 3087 homines
888 3029 1023 3087 nonnulli
1048 3031 1138 3088 etiarn
1158 3029 1238 3088 docti
1258 3020 1342 3109 (riam

164 3129 312 3201 edoctos,
341 3128 393 3202 qni
420 3125 512 3185 medii
539 3127 606 3185 aeui
634 3127 772 3186 librarios
801 3120 996 3201 ‘ingenuom'
1026 3127 1194 3202 similisque
1224 3126 1343 3184 finxisse

164 3232 267 3300 petant
289 3245 360 3285 cnm
379 3223 533 3300 Ernestio,
555 3243 613 3282 non
633 3215 746 3304 moror)
766 3225 839 3282 haec
859 3227 892 3282 ut
912 3225 1031 3283 inutilia
1051 3225 1233 3283 obiecerunt.
1268 3224 1342 3282 uitio

164 3331 282 3384 sanant
308 3323 385 3382 talia
408 3322 465 3396 eis,
493 3322 543 3398 qui
571 3323 613 3380 nil
641 3323 723 3380 aliud
751 3322 874 3398 callent3
904 3342 959 3398 ego
989 3315 1039 3404 (ut
1063 3323 1196 3400 Scaliger
1225 3340 1342 3396 quoque

164 3421 436 3497 lachmanniisqne
455 3420 509 3478 has
527 3421 703 3497 quisquilias
718 3421 840 3480 minime
855 3413 1045 3497 spernentes)
1062 3421 1103 3478 sio
1120 3438 1238 3494 semper
1253 3419 1342 3491 sensi,

164 3522 233 3580 nihil
263 3520 373 3580 critico
402 3538 473 3579 uero
501 3537 566 3577 esse
594 3520 812 3595 neglegendum
842 3523 884 3590 et,
913 3517 1056 3593 quidquid
1086 3522 1167 3576 extet
1198 3517 1342 3591 scripturn

163 3623 381 3695 radicumque,
400 3616 541 3694 explicari
559 3617 674 3690 debere,
695 3619 759 3677 siue
778 3617 807 3674 id
823 3616 863 3675 sit
882 3635 1022 3693 magnum
1038 3616 1101 3673 siue
1116 3634 1188 3673 uero
1204 3634 1341 3690 paruam:

163 3721 377 3778 historicorum
396 3715 514 3775 nomine
539 3714 582 3790 (et
601 3717 670 3791 quid
690 3717 817 3774 interest
835 3714 914 3771 inter
939 3713 991 3771 hos
1016 3718 1046 3772 et
1070 3704 1275 3794 philologos‘t)
1300 3713 1342 3770 in-

165 3820 241 3893 ligni
276 3815 355 3875 mibi
388 3813 540 3889 uidentur,
573 3815 624 3890 qui
656 3813 809 3873 difficilem
838 3810 965 3869 Ausonii
997 3812 1094 3869 locum
1129 3812 1242 3869 minore
1271 3829 1343 3868 cura

162 3916 286 3992 dignum
311 3916 436 3972 censent
459 3931 549 3989 quarn
571 3911 620 3972 uel
645 3911 785 3987 Aeschyli
810 3908 859 3967 uel
883 3907 1014 3966 Horatii:
1040 3908 1075 3966 de
1099 3908 1285 3967 Athenarum
1312 3909 1343 3966 in

162 4032 253 4088 genus
280 4012 449 4071 humanum
473 4011 588 4069 meritis
613 4029 652 4069 an
675 4010 710 4068 de
730 4001 771 4067 ‘i'
792 4009 883 4081 longa
902 4006 1129 4081 inscriptionum
1149 4007 1279 4065 disseras
1300 4005 1342 4062 nil

162 4112 266 4186 refert,
292 4108 383 4170 modo
407 4107 437 4165 id
461 4107 539 4185 qnod
562 4109 628 4184 agis
647 4108 811 4183 prudenter
830 4105 982 4181 Ingeniosa
1003 4106 1155 4163 fructuose
1175 4123 1256 4179 agas.
1290 4103 1342 4159 sed

162 4210 301 4268 catullus
332 4205 482 4283 quomodo
510 4205 663 4282 scripserit
692 4205 850 4279 uocabula,
880 4203 990 4278 ubique
1019 4207 1157 4262 accurate
1187 4202 1342 4275 explorare

161 4308 375 4369 difficillimum
404 4308 451 4364 est
474 4323 523 4376 eo,
552 4304 630 4380 quod
659 4305 689 4362 in
713 4308 744 4362 V
767 4321 880 4379 paucae
910 4304 1027 4360 tantum
1055 4300 1198 4374 reliquiae
1225 4299 1341 4373 priscae

161 4403 400 4486 orthographiae
415 4405 588 4478 supersunt:
607 4406 641 4462 ut
656 4403 713 4461 iarn
729 4404 759 4461 in
775 4398 964 4475 antiquitate,
979 4398 1022 4456 sie
1037 4398 1129 4456 etiarn
1144 4416 1197 4471 per
1212 4396 1341 4454 medinm

209 4520 349 4557 carcanus
362 4514 399 4554 «L
414 4512 537 4553 Baehrens.
565 4512 596 4552 11.
1113 4502 1128 4549 4
