2940 4912
145 337 189 404 62
587 337 872 396 Paotasouana

234 509 331 580 eram
358 510 604 569 inmortalitatem
629 508 766 569 Catullus
791 511 937 586 poematis
965 509 1027 570 siris
1055 510 1184 588 optauit,
1210 529 1246 569 ea
1267 513 1318 571 ab·

150 609 226 668 unde
241 608 368 684 contigit
380 609 451 681 illis,
465 609 576 684 quippe
591 625 668 683 quae
682 627 735 683 per
750 610 870 668 saecula
883 610 1016 686 proxime
1031 609 1188 686 sequentia
1203 627 1321 687 semper

147 706 279 766 studiose
302 706 444 782 legerint,
469 725 586 780 semper
609 724 724 765 summo
748 706 780 765 in
802 707 914 766 honore
938 707 1098 767 habuerint
1121 707 1256 767 Romani.
1290 714 1322 765 et

146 805 255 863 iudicia
279 804 400 880 quidem
423 821 574 880 perpauca
597 805 719 879 adsunt;
742 800 878 864 notabile
901 810 948 865 est
970 806 1059 880 illud,
1083 808 1161 883 quod
1184 806 1320 865 Velleius

145 901 324 962 Paterculus
346 902 377 961 II
401 904 443 962 36
472 902 509 961 de
537 902 604 960 aeui
627 899 813 961 ciceroniani
841 903 939 979 poetis
966 903 1056 962 claris
1080 902 1181 963 dicens
1205 903 1321 978 profert

146 1005 330 1074 auctoresque
348 1002 512 1058 carminum
536 999 697 1058 Varronem
720 1017 755 1058 ac
773 1001 943 1060 Lucretium
960 1002 1127 1075 nequeatis
1144 1003 1177 1059 in
1195 1004 1321 1074 mscepti

145 1101 286 1157 meminis
312 1101 382 1157 noui
409 1115 492 1172 opere
515 1090 679 1179 (suspecti
706 1100 804 1173 operis
832 1098 879 1156 sui
905 1091 1052 1158 carmine'
1075 1090 1153 1178 cod.)
1180 1101 1321 1157 minorem

147 1195 308 1255 Catullum:
334 1195 414 1256 iuter
442 1196 608 1272 priscorum
637 1198 801 1255 sectatores
832 1199 863 1255 et
891 1189 960 1268 τοὺς
990 1193 1161 1275 νεωτέρους,
1193 1214 1319 1272 quorum

145 1294 242 1354 instar
269 1294 440 1354 nominatur
468 1292 617 1366 Catullus,
647 1310 743 1369 aequa
770 1294 855 1353 lance
882 1295 948 1354 laus
978 1295 1176 1354 distribuitur.
1221 1312 1319 1370 neque

146 1391 308 1451 defuerunt
321 1392 416 1468 quiin
431 1410 567 1452 sermone
581 1391 629 1451 bic
642 1391 706 1450 illie
721 1392 866 1450 nonnulla
879 1392 1142 1468 reprehenderent,
1156 1395 1192 1452 ut
1204 1390 1236 1452 Ο.
1252 1392 1319 1451 Asi·

145 1489 213 1548 nius
236 1489 339 1549 Pollio
357 1483 466 1569 (amice
490 1491 553 1549 sine
576 1483 682 1569 dubio)
707 1488 782 1547 illud
806 1481 1006 1566 ‘pugillaria’3
1029 1491 1066 1549 cf.
1086 1488 1200 1549 Charis.
1218 1508 1247 1566 p.
1267 1490 1319 1555 97.

146 1587 297 1664 Hauptius
326 1607 427 1665 opusc.
450 1588 480 1648 II
507 1609 537 1665 p.
557 1590 607 1648 67.
654 1586 705 1646 sed
734 1605 817 1646 amor
844 1588 952 1663 poetae
978 1588 1075 1647 nostri
1103 1587 1231 1648 maxime
1258 1605 1319 1646 eer-

146 1685 229 1743 nitur
247 1686 279 1744 in
297 1686 419 1760 studiis,
439 1704 515 1762 quae
534 1685 718 1760 insequentis
737 1685 881 1760 temporie
896 1686 1045 1762 Augustei
1065 1689 1151 1746 uates
1168 1685 1200 1745 in
1213 1703 1320 1761 cogno

147 1782 263 1841 suendis
285 1785 406 1858 penitus
429 1784 494 1842 eius
517 1782 658 1859 operibus
681 1801 822 1859 posuere:
846 1783 895 1843 hic
918 1785 990 1856 dux,
1015 1784 1063 1843 bic
1085 1785 1232 1860 magister
1254 1787 1322 1842 erat

146 1879 184 1938 ad
207 1881 311 1956 poesin
338 1880 545 1956 tendentibus,
575 1879 664 1938 huius
692 1881 871 1955 praesertim
896 1875 944 1960 (ut
972 1885 1004 1941 et
1029 1881 1149 1959 ingenio
1172 1881 1322 1958 proximo·

147 1997 227 2054 rum,
258 1976 344 2037 Calui
372 1969 515 2058 maxime)
547 1977 636 2036 docta
666 1978 809 2053 opuscula
838 1979 972 2040 adsiduis
1002 1981 1081 2040 curis
1111 1982 1322 2040 tractsuerunt

148 2094 310 2153 earumque
338 2075 470 2153 uestigia
497 2074 593 2134 multa
620 2076 651 2133 in
680 2076 798 2152 scriptis
827 2078 889 2136 suis
916 2069 1139 2157 reliquenmt*)
1166 2077 1321 2154 Vergilius

147 2192 207 2235 non
230 2175 327 2234 solum
350 2175 381 2233 in
404 2174 517 2251 eclogia
540 2174 593 2233 sed
616 2174 707 2232 etiam
730 2175 761 2232 in
785 2173 939 2252 Georgicis
963 2179 1054 2252 atque
1077 2175 1211 2235 Aeneide
1234 2169 1321 2255 (prae

146 2273 253 2332 ceteris
268 2273 421 2332 adamauit
435 2291 459 2332 c.
473 2265 596 2352 LXIV),
609 2290 664 2331 uec
677 2290 736 2331 nun
751 2271 927 2348 Propertius
942 2268 1116 2354 (HMagnus
1130 2275 1162 2332 iu
1175 2273 1322 2334 Fleckeie.

146 2389 213 2429 ann.
239 2373 323 2432 1877
348 2391 376 2447 p.
396 2363 490 2451 418),
513 2388 602 2446 porro
628 2368 754 2429 Ouidius
779 2364 829 2450 (cf.
849 2370 1019 2449 AZingerle
1041 2371 1113 2431 libri
1133 2365 1227 2433 ‘Ovid
1248 2390 1277 2431 u.
1296 2389 1319 2431 s.

146 2468 353 2528 Verbaeltniss
376 2489 413 2528 au
435 2469 493 2529 den
515 2461 747 2545 Vorgaeugern'
771 2467 786 2526 Ι
809 2489 837 2544 p.
857 2470 898 2529 49
914 2462 1006 2550 equ),
1036 2471 1102 2529 tum
1124 2473 1229 2529 auctor
1251 2486 1320 2529 eon·

147 2567 302 2627 solutionis
322 2568 359 2627 sd
379 2566 511 2644 Liuiam,
531 2566 639 2626 deinde
657 2565 831 2643 Lygdamus
850 2560 1072 2646 (SKlemannus
1092 2561 1141 2628 ‘de
1160 2567 1233 2627 libri
1250 2567 1322 2627 Illii

146 2667 341 2742 carminibus,
365 2685 441 2743 quae
460 2666 573 2725 Tibulli
596 2666 715 2725 nomine
736 2659 997 2725 circumferuntur'
1021 2686 1049 2742 p.
1069 2666 1111 2725 48
1127 2658 1215 2746 squ),
1239 2664 1322 2725 deni·

146 2783 204 2839 que
231 2767 367 2823 auctores
399 2761 510 2823 Culicis
537 2762 680 2821 Dirarum
708 2763 822 2839 Lydiae
851 2765 1039 2840 maximeque
1065 2763 1092 2823 is
1120 2764 1173 2840 qui
1199 2763 1323 2840 scripsit

147 2858 241 2937 Oirin,
264 2878 385 2919 carmen
408 2861 541 2920 centonis
565 2861 628 2919 fere
650 2861 683 2919 in
705 2861 826 2920 modum
850 2881 885 2920 ex
904 2861 1025 2922 Catullo
1042 2863 1075 2922 et
1092 2860 1228 2938 Vergilio
1251 2879 1319 2921 eon·

147 2962 245 3018 sutum
275 2958 400 3035 ideoque
427 2957 580 3017 interdum
609 2959 701 3017 etiam
728 2960 767 3017 ad
793 2978 857 3018 rem
886 2960 1021 3018 criticam
1048 2959 1124 3018 utile
1152 2951 1260 3039 (Pan.
1289 2958 1321 3017 ll

146 3077 175 3133 p.
196 3059 258 3117 186
274 3050 366 3134 sqqi:
393 3057 425 3115 in
451 3058 560 3116 horum
588 3057 719 3116 omnium
748 3057 867 3133 scriptis
889 3057 987 3117 multa
1014 3059 1046 3115 et
1072 3058 1171 3117 certae
1192 3055 1321 3117 medita·

146 3158 254 3232 tueque
272 3156 448 3216 imitationis
463 3157 512 3215 uel
530 3155 740 3216 aemulationis
759 3159 790 3214 et
807 3157 940 3215 incertae
957 3157 1099 3231 ultroque
1116 3173 1149 3214 se
1167 3154 1322 3216 offerentis

46 3315 49 3320 ,
145 3254 361 3314 reeordationis
385 3254 515 3331 uestigia
538 3257 710 3326 occurrunt,
733 3271 810 3329 quae
834 3254 865 3312 in
882 3253 1096 3313 commentario
1113 3238 1322 3329 deprehendes

147 3353 258 3429 ubique
277 3353 429 3413 adnotata.
465 3370 519 3411 nec
538 3355 602 3411 tum
617 3353 754 3424 deerant,
774 3351 838 3428 qui,
858 3369 1040 3427 quamquam
1059 3351 1224 3426 elegiarum
1242 3353 1323 3412 ratio

146 3451 215 3511 inde
235 3471 253 3511 a
273 3452 407 3512 Varrone
428 3452 556 3510 Atacino
576 3456 607 3510 et
625 3450 763 3510 Cornelio
782 3448 869 3509 Gallo
892 3451 1042 3509 inmutata
1065 3454 1159 3526 esset,
1182 3450 1231 3509 hio
1250 3469 1322 3527 quo·

147 3569 204 3625 que
232 3551 316 3626 sequi
344 3552 517 3610 maluerunt
544 3542 710 3632 (quantum
739 3548 901 3607 diiudicare
929 3548 1016 3607 nobis
1046 3541 1136 3628 licet)
1166 3546 1323 3608 Catullum

147 3644 347 3724 Caluumque,
373 3653 408 3708 ut
431 3646 462 3708 O.
486 3648 623 3731 Valgius*
640 3648 748 3724 Rufus,
771 3646 936 3722 elegiarum
960 3639 1010 3724 (cf.
1035 3645 1125 3704 sebul.
1149 3643 1260 3706 Veron.
1284 3647 1323 3706 ad

146 3743 237 3821 Verg.
261 3746 313 3804 ecl.
340 3750 368 3820 7,
393 3740 449 3823 22)
478 3748 509 3805 et
537 3746 788 3823 epigrammatum
817 3748 934 3820 auctor,
962 3746 994 3803 et
1021 3742 1171 3803 Domitius
1201 3743 1323 3804 Marsus

146 3842 257 3901 eisdem
280 3845 369 3901 notus
393 3861 541 3919 saepeque
569 3863 629 3903 una
656 3863 723 3904 cum
747 3842 866 3901 Catullo
890 3845 1141 3901 commemoratus
1164 3833 1322 3921 (Teuffelii

146 3939 237 4000 aaa
256 3938 276 4012 ᾖ
293 3942 366 4015 242,
382 3936 425 4019 3).
458 3941 552 4016 lyrica
570 3949 670 4001 autem
688 3940 859 3999 Catulliana
877 3940 972 3999 secuti
992 3943 1063 3999 eunt
1082 3938 1324 4019 diligentissime,

147 4038 198 4115 qui
220 4038 359 4097 similiter
380 4039 530 4097 luserunt:
558 4039 753 4115 Priapsorum
776 4042 913 4097 auctores
937 4037 1072 4097 diuersos
1095 4041 1128 4096 et
1150 4036 1322 4116 Vergilium

217 4280 243 4350 *)
263 4280 296 4335 ol.
312 4281 341 4335 in
356 4281 515 4336 uniuersum
530 4280 710 4351 ADanyszius
724 4283 753 4336 in
768 4280 963 4335 dissertatione
979 4278 1196 4335 Vratielauiensi
1210 4297 1236 4335 a.
1253 4285 1323 4337 1876

148 4359 393 4511 ἑῖξέἓίρωωω,
413 4360 549 4432 imprimis
568 4365 714 4431 poetarum
733 4363 938 4428 Romanorum,
957 4359 1059 4415 studiis
1076 4360 1259 4417 Catullianis’
1279 4363 1322 4419 in·
