2940 4912
661 316 694 370 (ll
714 324 792 372 3-6.
1247 321 1312 384 589

142 477 290 532 donarem’
320 477 417 545 aliquo
444 475 529 531 modo
557 475 647 546 possit
674 478 796 547 pendere
824 495 858 532 ex
884 478 999 533 notione
1023 478 1154 548 perfecti,
1184 496 1256 547 quae
1279 480 1323 534 illi

144 564 288 620 ‘aduenio’
305 566 390 620 simul
404 566 479 621 inest
490 568 537 636 (=
551 566 616 621 ueni
631 567 661 621 et
674 567 787 635 adsum3
802 567 837 622 of.
857 567 1023 622 Kuehnerus
1037 585 1079 636 gr.
1094 568 1112 620 l.
1128 566 1154 619 H
1167 586 1194 637 p.
1211 574 1262 622 775
1273 587 1323 638 sq„

96 682 101 688 ·
146 654 230 725 Verg.
249 653 318 710 Aen.
337 653 377 708 VI
396 657 473 725 538),
497 658 592 711 tamen
615 655 669 712 hoc
692 657 812 711 alterum
837 656 958 712 ‘adsum’
984 658 1028 710 est
1050 655 1168 711 fortasse
1192 656 1252 711 eius
1275 657 1324 726 qui

145 743 209 799 loco
231 744 391 813 sepulturae
410 743 525 799 uixdum
543 748 621 801 tacto
640 745 669 798 in
687 746 816 814 querelas
835 745 968 816 erumpit,
992 761 1048 799 non
1067 743 1126 799 eine
1146 747 1194 814 qui
1212 748 1321 801 tumulo

144 832 260 888 titulum
284 833 407 903 inponit:
431 834 460 888 in
483 834 537 890 hoc
560 833 654 904 elogio
675 834 723 888 uix
742 834 819 889 alind
839 852 921 903 quam
943 835 1068 890 ‘adueni'
1089 834 1159 889 bene
1179 836 1321 892 sehabet.

143 921 297 977 uidendum
316 927 360 978 est
378 923 479 994 igitur,
506 942 572 978 num
590 923 663 978 torte
684 925 723 979 ‘o’
745 926 919 980 correcturae
939 941 1025 978 carisa
1042 942 1125 994 supra
1144 941 1254 980 uersum
1273 926 1321 979 ad·

143 1011 279 1081 scriptum
297 1012 370 1066 falso
389 1012 452 1068 loco
471 1028 501 1066 se
520 1013 703 1068 insinuauerit
721 1014 751 1068 in
771 1016 888 1080 textum,
908 1030 970 1067 cum
991 1013 1146 1083 pertineret
1164 1013 1200 1067 ud
1224 1031 1332 1068 uocem

145 1099 285 1154 ‘miseras’
315 1117 349 1154 ex
376 1101 585 1158 adsimilatione
607 1102 708 1172 prioris
732 1102 806 1157 ‘has’
833 1105 936 1158 ortam:
968 1103 1081 1156 ‘adueni
1106 1103 1169 1170 has,
1197 1102 1282 1157 miser
1305 1120 1321 1158 o

146 1189 241 1258 frater,
261 1189 299 1244 ad
317 1191 453 1246 inferias'.
491 1208 555 1245 nam
574 1192 604 1245 in
623 1192 676 1247 hac
695 1192 873 1248 adlocutione
892 1192 1010 1247 affectus
1029 1192 1114 1261 plena
1133 1190 1262 1260 legitima
1279 1193 1324 1246 est

143 1278 312 1336 interiectio.
333 1312 363 1320 -
384 1281 413 1335 8.
432 1281 468 1335 ut
485 1282 516 1336 te
535 1284 689 1351 postremo
709 1281 851 1337 donarem
869 1296 993 1337 munere
1009 1281 1128 1337 mortls.
1164 1281 1323 1336 accuratius

146 1368 316 1423 definiuntur
343 1370 468 1425 inferias.
509 1370 586 1424 insto
611 1371 738 1441 sepulcro
761 1373 821 1426 sine
845 1371 930 1426 dnbio
955 1389 1010 1426 non
1033 1370 1123 1425 caruit
1144 1371 1244 1436 fratem
1272 1371 1322 1425 sed

146 1459 222 1526 quod
239 1462 326 1528 poeta
343 1459 401 1513 iam
415 1458 483 1513 olim
498 1462 613 1527 questus
628 1463 672 1515 est
685 1459 816 1514 vasslb
831 1467 864 1515 57
880 1479 930 1530 sq,
945 1478 1000 1517 non
1015 1460 1234 1530 propinquorum
1248 1459 1323 1514 inter

143 1547 250 1602 cineres
268 1549 347 1603 illum
362 1566 423 1603 esse
438 1549 634 1619 compositum,
652 1550 681 1603 id
701 1566 774 1604 nunc
789 1551 885 1617 aliqua
898 1566 932 1605 ex
945 1553 1026 1620 parte
1041 1549 1160 1605 sarcitur
1174 1550 1322 1604 damnum:

144 1653 162 1690 a
179 1653 264 1691 mann
285 1654 411 1694 carorum
431 1637 645 1707 ritesepultum
661 1655 721 1692 esse
736 1638 886 1693 iucundum
901 1638 1056 1708 putabatur
1069 1638 1206 1705 manibus,
1226 1638 1321 1692 iucun-

144 1726 210 1780 dum
236 1727 335 1795 etiam,
359 1727 382 1781 si
402 1728 517 1796 cognati
536 1727 654 1782 alicuine
673 1744 728 1782 uox
746 1727 877 1781 ultimum
896 1726 968 1780 illud
989 1727 1052 1782 ‘ane
1071 1729 1157 1794 atque
1175 1727 1251 1780 uale’
1272 1728 1319 1781 ad-

143 1815 295 1871 clamasset
318 1819 438 1872 mortuo.
475 1818 572 1885 itaque
591 1816 723 1886 quoniam
741 1816 877 1886 singulari
897 1817 1033 1870 ‘munere’
1055 1815 1235 1885 prohibemur
1253 1833 1320 1884 quo-

146 1905 238 1960 minus
256 1906 291 1960 de
305 1907 372 1961 uino
387 1906 519 1962 odoribus
534 1906 615 1961 sertis
629 1904 659 1958 in
673 1905 830 1975 sepulerum
844 1905 945 1959 inlusis
960 1907 1115 1974 cogitemus
1130 1906 1195 1973 (hnc
1210 1906 1321 1974 spectat

142 1994 261 2063 pluralis
280 1995 347 2049 Aen.
364 1995 402 2049 XI
422 2000 457 2049 25
475 1996 609 2064 caprosis
627 1997 794 2064 muneribus,
814 1995 893 2049 Ouid.
915 2012 969 2049 am.
990 1995 1068 2062 1119,
1085 1997 1139 2065 50),
1159 2011 1320 2065 supremum

145 2083 216 2138 illud
234 2101 334 2138 munus
353 2101 371 2139 a
389 2083 500 2139 familia
518 2084 673 2140 exhibitum
693 2084 837 2155 aptissime
856 2085 1058 2155 explicabimus
1078 2085 1112 2139 de
1130 2085 1240 2140 tumulo
1254 2085 1322 2139 titu-

144 2172 242 2241 loqu03
261 2173 344 2228 multi
362 2174 420 2228 iam
440 2191 485 2244 cp.
504 2174 585 2229 Hom.
606 2172 637 2229 Il.
656 2173 720 2228 XVI
739 2181 792 2230 675
810 2171 906 2247 τύμβῳ
920 2193 950 2229 τε
966 2171 1050 2246 στήλῃ
1064 2191 1108 2229 τε·
1123 2171 1154 2228 τὸ
1170 2172 1224 2244 γὰρ
1237 2173 1321 2243 γέρας

146 2257 205 2316 ἐστὶ
224 2258 385 2320 θανόντων.
423 2265 498 2318 hunc
516 2262 656 2318 tumulum
675 2264 791 2319 Troiani
809 2264 941 2333 Polydori
959 2264 1042 2319 iunus
1060 2265 1249 2319 instaurantes
1269 2261 1320 2317 eri-

144 2353 216 2420 gunt
238 2354 306 2406 Aen.
330 2352 370 2406 ΙΙΙ
394 2358 442 2419 63;
467 2356 496 2407 et
519 2370 620 2407 manus
642 2369 796 2422 supremum
819 2353 878 2407 siue
902 2352 1002 2407 titulus
1025 2353 1084 2408 siue
1107 2356 1199 2408 totum
1222 2368 1320 2407 monu-

144 2443 270 2495 mentum
298 2441 380 2496 audit
406 2443 435 2496 in
465 2442 695 2512 inscriptionibus
723 2443 766 2510 (ut
790 2442 856 2497 clh.
880 2442 906 2495 11
932 2446 1021 2512 1753).
1045 2473 1079 2483 -
1103 2442 1131 2496 4.
1155 2441 1187 2495 et
1208 2442 1320 2496 mutam

144 2530 343 2598 nequicquam
366 2531 542 2600 alloquerer
566 2530 709 2586 clnorem.
746 2530 806 2585 Tib.
826 2530 852 2585 ΙΙ
871 2539 896 2597 6,
915 2536 950 2586 34
968 2537 993 2586 et
1012 2549 1071 2586 mea
1089 2548 1149 2586 cam
1171 2537 1245 2585 mesto
1258 2533 1321 2597 sata

143 2637 244 2690 querar
257 2622 345 2676 dcere
358 2620 459 2690 (XCVI
475 2623 515 2691 1);
531 2621 565 2674 de
580 2619 714 2674 feminino
731 2618 824 2674 ‘cinis’
841 2621 992 2690 singularis
1007 2640 1059 2677 usu
1074 2621 1116 2690 (ut
1130 2618 1259 2674 varrlb
1274 2626 1321 2697 50)

144 2709 179 2765 ci.
200 2711 276 2777 Nom
290 2729 317 2781 p.
338 2716 403 2779 198,
426 2708 532 2764 Neuius
551 2709 564 2762 I
583 2727 609 2779 p.
631 2714 691 2765 657.
730 2708 857 2775 ‘alloqui’
883 2724 939 2762 non
964 2708 1118 2764 secundum
1136 2711 1206 2762 Aen.
1224 2708 1248 2762 ll
1269 2714 1321 2762 644

145 2800 196 2854 aut
214 2798 348 2869 Lygdam.
369 2804 395 2866 2,
417 2804 450 2853 15
468 2798 600 2867 explices,
619 2798 667 2851 aed
688 2797 840 2852 secundum
855 2798 923 2850 Aen.
939 2796 963 2849 V
978 2803 1022 2863 98,
1041 2797 1089 2852 ubi
1104 2798 1213 2852 Aeneas
1230 2814 1322 2851 annua

146 2904 226 2943 sacra
249 2886 389 2942 Anchisae
411 2903 549 2957 peragens
572 2888 694 2954 uisuque
715 2885 849 2951 fundebat
869 2885 977 2953 pateris
1004 2886 1177 2955 animamque
1204 2887 1322 2941 uocabat

145 2978 285 3032 Anchisae
311 2977 407 3045 magni
433 2977 574 3044 monaque
597 2975 749 3030 Acheronte
776 2975 913 3040 remissos,
942 2973 1002 3028 scil.
1028 2977 1059 3028 nt
1082 2975 1212 3029 adessent
1235 2976 1321 3030 sacris

145 3065 328 3122 sollemnibus
350 3064 535 3133 audirentque
559 3064 653 3118 dulcia
676 3063 763 3118 uerba
786 3064 967 3134 superstitum
991 3064 1202 3133 gauderentque
1221 3064 1320 3118 horum

112 3214 116 3223 ¹
144 3154 263 3225 pietate;
287 3171 366 3222 nam,
390 3154 423 3208 ut
445 3153 488 3207 ait
505 3153 608 3209 Auson.
632 3155 940 3223 parent2,10,·aoce
963 3156 1032 3209 ciere
1055 3155 1177 3220 animos,
1199 3156 1322 3209 manate

144 3244 284 3312 (‘funeris’
306 3244 397 3312 codd.)
415 3245 506 3298 instar
524 3245 616 3298 babet:
638 3245 760 3313 paudum
778 3245 919 3313 compositi
936 3245 1039 3299 cineres
1056 3260 1108 3298 sua
1126 3245 1239 3299 nomina
1252 3245 1318 3300 diei.

145 3335 175 3387 et
197 3318 270 3387 uiiris
293 3332 378 3387 etiarn
401 3334 455 3387 hoc
479 3331 534 3386 tuit
556 3333 702 3400 solatium,
726 3334 760 3388 ad
786 3334 948 3403 praesentes
967 3349 1037 3403 quas
1056 3334 1195 3403 putabant
1213 3335 1321 3391 animas

144 3422 237 3477 lacere
256 3422 342 3477 uerba
360 3423 409 3492 pia
426 3439 459 3476 ac
478 3423 588 3488 tenera;
607 3423 741 3477 Astatius
759 3439 802 3492 cp.
818 3423 913 3493 Eurip.
929 3423 1029 3478 Troad.
1051 3428 1120 3478 1184
1139 3425 1208 3490 φίλα
1223 3421 1321 3486 διδοὺς

145 3510 384 3581 προσφθέγματα.
422 3512 631 3579 ‘nequicquam'
648 3513 774 3580 (propter
787 3515 895 3565 mutum
910 3529 961 3566 nec
975 3529 1172 3580 responsurum
1188 3515 1320 3581 cinerem)

145 3600 250 3656 doloris
268 3600 410 3656 notionem
430 3599 554 3655 continet
573 3600 655 3667 (eheu
672 3599 801 3667 frustra),
821 3602 852 3654 ut
871 3601 954 3669 Verg.
974 3603 1040 3655 Aen.
1061 3601 1085 3654 V
1105 3607 1136 3655 81
1158 3601 1260 3654 saluete
1278 3616 1320 3655 re·

145 3693 216 3760 cepti
238 3692 402 3760 nequiquam
424 3691 538 3756 cinerea
562 3689 628 3743 Hor.
654 3689 698 3744 od.
722 3689 733 3742 I
758 3694 802 3757 24,
828 3696 869 3743 11.
907 3705 970 3743 cum
996 3690 1050 3743 hoo
1073 3706 1156 3743 uersu
1178 3689 1319 3744 artissime

146 3780 278 3835 cohaeret
292 3799 317 3834 u.
333 3797 387 3847 sq:
403 3811 436 3820 -
451 3778 480 3835 5.
500 3776 740 3846 quandoquidem
755 3777 881 3833 tortura
895 3777 968 3832 mlhl
988 3778 1051 3832 tete
1066 3776 1195 3832 abstullt
1209 3776 1318 3845 ipsum.

146 3872 252 3924 niumm
275 3869 415 3935 umbram,
440 3868 577 3935 siquidem
600 3872 629 3921 te
652 3868 743 3937 ipsum
769 3869 859 3935 (uerte
884 3867 959 3922 ‘dich
984 3865 1171 3936 persoenlich'
1197 3870 1227 3920 et
1249 3883 1319 3921 uoce

145 3958 223 4028 effer)
242 3959 331 4012 tatum
351 3958 463 4029 eripuit.
502 3957 598 4025 ‘tete‘,
617 3958 701 4026 plane
721 3959 753 4010 ut
771 3958 857 4023 ‘sese3
883 3957 987 4013 Neuius
1007 3955 1032 4008 11
1051 3974 1078 4025 p.
1099 3959 1157 4009 182.
1196 3956 1319 4010 ceterum

146 4048 180 4102 cf.
200 4046 288 4103 LXIV
307 4054 368 4102 218,
393 4079 425 4087 -
451 4047 480 4102 t.
504 4047 563 4101 heu
588 4045 680 4100 miser
703 4043 826 4112 indlgne
851 4045 949 4099 trater
972 4042 1109 4111 adempte
1128 4042 1213 4097 mlhl.
1250 4045 1320 4098 haec

146 4138 322 4207 querelamm
344 4137 411 4191 olim
430 4137 553 4192 fusarnm
573 4134 702 4190 vallle
721 4142 755 4190 20
775 4139 804 4190 et
822 4131 951 4189 LXVIIIb
971 4138 1004 4186 52
1023 4149 1039 4187 o
1057 4134 1106 4198 (ei)
1123 4135 1220 4187 miano
1232 4136 1321 4200 frater

145 4227 268 4296 adempte
291 4228 358 4280 milii
381 4226 458 4281 dictu
481 4228 546 4280 sunt
568 4243 631 4280 cum
655 4227 865 4290 recordatione3
889 4225 990 4277 iterum
1015 4220 1095 4275 Ouid.
1121 4221 1184 4276 fast.
1210 4222 1247 4276 lV
1267 4228 1318 4276 852

146 4316 217 4372 haec
237 4317 379 4387 expressit.
419 4316 466 4370 sed
485 4316 555 4369 haec
573 4332 628 4369 non
647 4331 708 4369 esse
728 4314 826 4369 debuit
844 4328 929 4367 causa
947 4311 1058 4365 cuidam
1072 4308 1147 4380 apud
1163 4311 1318 4377 Astatium,

146 4408 179 4460 ut
196 4407 337 4462 coniceret
356 4406 421 4459 ‘heu
441 4405 554 4460 misero’
575 4404 685 4472 (debuit
701 4405 796 4460 saltim
812 4401 850 4457 ‘ei
865 4401 999 4468 misero’),
1018 4400 1155 4469 siquidem
1171 4399 1319 4468 quominus
