2940 4912
651 330 702 386 VII
721 334 817 385 ‘1-10.
1258 329 1322 394 105

143 492 186 547 his
210 491 308 548 uerbis
332 493 537 547 commemorat
559 492 608 547 boe
630 509 715 563 neque
738 506 881 548 arenosum
900 490 1001 561 Io'byci
1027 491 1109 544 Iouis
1132 490 1251 559 explicet
1274 508 1323 545 uo-

144 590 227 650 tmr3
248 599 302 652 pro
320 579 445 651 ‘Libyci’
466 583 561 636 noster
578 582 661 651 ponit
678 580 835 650 ‘aestuosi'‚
849 580 879 634 in
893 597 1030 635 summum
1046 581 1136 633 terroe
1149 578 1227 633 illius
1241 579 1323 635 deum

143 673 316 727 brusierens
334 671 485 741 epitheton
504 671 614 742 proprie
633 669 690 741 ipsi
708 673 799 725 terroe
819 668 977 735 conducens
995 669 1102 738 (Syrtes
1120 672 1150 723 et
1163 668 1323 723 Calabriam

145 764 241 817 uotum
261 764 309 815 est
327 758 425 815 noceri
443 759 480 814 ab
498 758 614 815 Horatio
636 759 841 831 ο1111110111),
861 758 1046 814 translatione
1070 758 1140 813 adeo
1164 775 1230 812 sune
1255 759 1325 814 dure

143 853 326 920 insuetoque,
349 854 382 905 nt
404 850 538 920 prompte
560 849 598 904 sit
619 849 754 920 suspicio,
777 847 932 905 ‘aestuosi'
959 849 1035 903 mule
1058 847 1183 918 proxime
1207 865 1320 919 proece-

145 940 238 995 dentis
259 937 368 993 ‘iouis’
389 938 601 994 adsimilatione
620 956 653 995 ex
674 939 837 995 ‘aestuosii’
858 939 1019 1008 corruptum
1040 953 1100 993 esse
1117 937 1203 1008 idque
1221 939 1323 1009 legisse

145 1028 336 1100 Propertium:
361 1029 438 1083 recte
461 1029 604 1083 oraculum
629 1029 689 1084 siue
713 1027 850 1099 templum
875 1028 966 1097 ipsum
992 1027 1096 1082 dicitur
1119 1027 1323 1082 ‘sentuosum'.

146 1120 235 1173 ultera
252 1120 352 1172 nutem
370 1117 450 1186 urbs,
470 1117 588 1186 Cyrene,
614 1116 852 1174 circumscribitur
874 1115 1026 1172 conditoris
1045 1116 1089 1171 sni
1107 1117 1185 1173 Batti
1203 1118 1250 1187 (de
1268 1134 1324 1187 quo

147 1209 179 1263 ci
196 1207 307 1262 Herod.
326 1207 365 1261 IV
386 1213 439 1261 160
453 1224 529 1277 sqq,
547 1207 645 1263 lustin.
660 1207 724 1262 11111
745 1210 772 1277 t)
792 1208 920 1277 sepulcro
939 1205 979 1260 ibi
997 1206 1090 1276 posito
1106 1206 1227 1276 (Pindur.
1242 1205 1323 1276 Pyth.

147 1302 268 1366 6,126),
293 1295 369 1365 quod
394 1296 535 1351 ‘sucrum’
560 1299 678 1352 uocatur
703 1299 819 1367 propter
837 1295 957 1363 cultum,
977 1312 1059 1366 quem
1078 1295 1214 1367 Cyrenaei
1239 1296 1323 1351 solito

148 1386 329 1457 antiquitatis
348 1402 426 1442 more
445 1386 626 1442 instituerant
639 1387 722 1442 Batto
736 1389 883 1456 tamquam
897 1385 977 1441 heroi
991 1385 1080 1456 (Pind.
1099 1386 1118 1441 1,
1133 1386 1151 1440 l.
1172 1379 1245 1455 ἥρως
1258 1390 1324 1441 tuc-

147 1474 250 1550 σεβής).
291 1476 326 1531 de
345 1491 415 1531 uoce
435 1475 588 1544 ‘suomm’,
607 1492 660 1546 pro
679 1492 735 1546 qno
753 1478 913 1531 accuratum
933 1475 1067 1545 loquendi
1086 1493 1174 1546 genus
1194 1475 1325 1546 ‘religio

148 1567 224 1621 mm’
245 1564 404 1634 desideret,
428 1566 463 1622 ci.
489 1565 582 1620 Reinii
606 1565 678 1620 liber
703 1565 768 1620 ‘des
788 1564 965 1620 Privetreoht
989 1583 1016 1619 u.
1041 1563 1067 1618 d.
1092 1564 1277 1634 Oivilpsocess
1300 1566 1325 1621 d.

148 1655 284 1711 Roemer'
305 1673 332 1726 p.
351 1660 402 1710 181
420 1657 478 1710 not.
517 1654 597 1709 cudit
622 1657 715 1709 sutem
734 1653 836 1709 Battus
861 1653 973 1709 ‘uetus’
999 1656 1031 1708 ut
1053 1654 1089 1708 ad
1112 1653 1233 1724 priscum
1253 1653 1325 1709 unti-

147 1746 289 1816 quitmtem
308 1745 464 1815 pertinens,
489 1744 725 1813 quemadmodum
745 1747 775 1798 et
795 1742 935 1812 ‘antiqui’
956 1743 1093 1799 nocentur
1112 1744 1151 1809 ei,
1170 1742 1205 1797 de
1225 1743 1325 1813 quibus

147 1831 408 1890 metaturae:
427 1833 508 1903 Prop.
527 1833 620 1899 1132,
639 1838 672 1887 41
692 1833 793 1888 Lotim
810 1839 926 1900 ueteres,
946 1832 1014 1888 ibid.
1035 1838 1069 1888 64
1088 1834 1199 1903 antiqui
1216 1834 1324 1888 Deuca-

148 1925 243 1991 umis,
261 1921 347 1977 Hert
367 1922 419 1976 XII
439 1928 482 1990 12,
503 1927 516 1976 1
537 1924 648 1992 uotique·
665 1940 714 1978 reu
732 1938 830 1994 meque
843 1923 918 1992 poti,
938 1923 1049 1978 Terent.
1069 1920 1157 1978 Maur.
1178 1930 1192 1976 1
1211 1929 1325 1978 ueterem

147 2016 254 2081 sinn,
273 2011 339 2067 alin
360 2043 393 2052 -
415 2011 445 2072 1.
471 2012 525 2067 sut
544 2025 632 2080 quum
652 2011 755 2068 sideru
772 2012 884 2083 mults,
904 2027 971 2068 cum
990 2013 1072 2068 tecet
1089 2026 1162 2067 nox.
1198 2014 1235 2067 ab
1254 2013 1325 2068 suti·

147 2102 291 2173 quisoimis
314 2100 381 2156 inde
404 2101 578 2171 temporibus
602 2102 637 2155 sd
662 2101 876 2172 significandum
900 2118 1046 2156 numerum
1069 2101 1245 2156 innumerum
1264 2119 1320 2157 non

147 2192 238 2247 solum
263 2191 402 2245 heresum
429 2192 472 2256 (ut
494 2190 576 2245 Hom.
596 2189 628 2244 11.
648 2188 686 2244 IX
709 2192 786 2259 386),
814 2188 862 2244 sed
888 2187 974 2244 etism
1000 2189 1162 2245 coniunctos
1186 2209 1249 2245 cum
1272 2191 1326 2245 hec

147 2279 245 2336 uella
263 2278 391 2350 proferre
410 2279 551 2333 solebant:
571 2279 606 2334 ei.
624 2282 736 2349 prester
754 2277 814 2332 LXI
835 2284 885 2334 199
901 2295 961 2348 sqq.
981 2278 1097 2335 Genesis
1117 2285 1161 2349 22,
1182 2286 1213 2335 17
1232 2282 1326 2335 multi-

143 2370 255 2442 plicabo
272 2385 364 2424 semen
382 2373 474 2433 tuum,
492 2369 565 2423 111111
581 2369 673 2424 stellas
691 2369 761 2422 caeli
778 2372 803 2422 st
816 2369 891 2422 celet
904 2369 1049 2435 toreoum,
1067 2384 1137 2437 quoe
1151 2375 1189 2423 est
1202 2370 1234 2423 io
1248 2369 1327 2425 litore

147 2460 245 2525 neris:
270 2457 357 2513 Pluto
379 2457 500 2528 Euthyd.
525 2462 591 2524 294,
619 2456 700 2512 Ouid.
724 2455 829 2512 tristi
853 2463 882 2525 6,
906 2463 952 2522 41,
979 2456 1042 2512 slis.
1081 2474 1163 2527 porro
1189 2458 1225 2514 cf.
1250 2465 1326 2513 mesto

148 2556 221 2604 nocte
240 2544 375 2602 varllb
396 2551 460 2614 106,
487 2553 563 2602 necte
580 2548 675 2602 11111111
694 2546 775 2601 Ouid.
796 2546 877 2615 epist.
899 2550 945 2615 16,
966 2552 1031 2614 118,
1052 2545 1114 2600 Tib.
1134 2545 1227 2617 Prisp.
1247 2554 1277 2615 2,
1296 2555 1326 2615 2,

148 2639 216 2694 Stet
238 2637 304 2692 situ.
322 2635 335 2689 1
356 2643 381 2703 1,
400 2641 434 2690 96
453 2634 622 2705 similiaque.
643 2668 672 2676 -
697 2636 725 2691 8.
747 2636 881 2690 surtinus
900 2635 1052 2690 homiuum
1073 2636 1179 2691 uident
1197 2651 1326 2693 amores.

149 2729 204 2782 scil.
224 2730 375 2795 tamquam
400 2727 501 2780 testes:
527 2726 597 2780 Stet.
618 2724 686 2779 Ach.
708 2727 718 2778 Ι
739 2731 790 2780 1143
815 2726 940 2780 admouet
964 2728 1118 2795 arripiemus:
1137 2728 1211 2781 uidit
1230 2728 1327 2782 chorus

150 2821 238 2872 onum
256 2817 293 2871 ab
309 2817 366 2870 ulto
380 2820 518 2869 astrorum
537 2820 561 2869 et
579 2821 685 2869 tenerae
704 2816 856 2870 rubuerunt
875 2831 980 2869 cornua
995 2816 1105 2882 11111,
1124 2816 1218 2871 lunen.
1234 2822 1258 2885 8,
1276 2824 1326 2870 149

150 2907 360 2977 recoquamus,
374 2906 420 2959 sed
434 2906 502 2959 tuna
517 2906 601 2971 uidet,
616 2905 662 2958 sed
675 2906 767 2959 sideru
782 2910 858 2958 testes
873 2905 1020 2958 intendunt
1034 2907 1136 2972 oculos3
1158 2906 1220 2961 Vel.
1236 2907 1327 2961 Flauo.

151 2994 210 3049 1111
229 3000 265 3049 60
280 2994 360 3061 (Hor.
376 2992 421 3047 od.
439 2991 503 3061 118,
520 2999 561 3058 10,
581 2993 661 3062 epod.
678 3001 720 3060 16,
738 2994 771 3061 1).
801 2992 927 3046 Muretus
947 3009 989 3061 cp.
1009 2993 1080 3049 Plut.
1102 2994 1188 3064 epigr.
1209 2992 1328 3064 ἀστέρας

151 3083 294 3151 εἰςαθρεῑς
314 3077 404 3151 ἀστὴρ
424 3077 502 3151 ἐμός·
524 3084 587 3136 stus
607 3084 742 3152 γενοίμην
762 3076 884 3150 οὐρανὸς
903 3074 936 3143 ὃς
955 3085 1066 3144 πολλοῖς
1085 3078 1208 3153 ὄμμασιν
1233 3087 1273 3147 sic
1296 3105 1326 3139 σε

150 3174 245 3242 §titur
265 3171 315 3241 (ci.
336 3171 570 3225 Wilsmowitzius
589 3169 709 3224 Hermae
732 3169 794 3224 xlv
813 3188 839 3240 p.
858 3173 928 3237 164).
967 3170 1002 3224 de
1021 3172 1161 3227 umoribus
1182 3174 1323 3230 ‘furtiuis’

151 3262 206 3317 sine
226 3261 349 3316 occultis
369 3260 415 3329 (ed
429 3259 562 3315 valltb
578 3263 622 3328 96)
643 3260 677 3315 ef.
697 3260 778 3330 Vsrg.
795 3262 861 3313 Aen.
882 3258 919 3313 IV
942 3266 1004 3328 111,
1026 3261 1107 3315 Ouid.
1127 3262 1189 3317 fast.
1206 3264 1242 3317 VI
1262 3270 1327 3332 613,

150 3351 207 3406 Tib.
224 3350 250 3405 11
267 3356 294 3418 6,
310 3356 358 3415 69,
378 3347 441 3404 sliu.
460 3350 538 3420 -11,
554 3349 601 3405 lO.
623 3351 683 3404 tum
704 3351 734 3404 te
753 3349 838 3403 besto
853 3349 949 3403 multu
967 3349 1103 3420 basiare,
1123 3365 1234 3405 uesano
1253 3353 1327 3407 sutis

150 3442 178 3494 rt
196 3454 294 3510 super
314 3438 435 3493 Catullo
459 3440 516 3494 est.
556 3439 640 3508 uulgo
662 3439 721 3492 ‘te’
743 3441 844 3508 putent
868 3456 928 3492 esse
948 3438 1139 3493 accusetiuum
1159 3440 1261 3494 obiecti
1282 3441 1327 3510 (ci.

152 3528 270 3585 filantii
296 3528 442 3598 preelecti.
463 3527 486 3581 11
507 3546 532 3597 p.
553 3531 610 3595 84):
638 3546 703 3582 num
729 3527 824 3582 ‘basis
849 3527 975 3581 basiare’
1002 3544 1064 3580 cum
1090 3527 1194 3580 dictum
1219 3530 1255 3583 sit
1278 3549 1328 3600 per

152 3621 267 3689 igunm
295 3635 379 3687 quum
404 3622 507 3673 uocant
530 3618 748 3686 etymologicum
774 3617 818 3684 (cf.
839 3616 988 3671 Loronzius
1012 3616 1047 3668 ud
1067 3616 1160 3669 Plauti
1179 3617 1238 3670 mil.
1258 3618 1327 3687 glor.

152 3716 184 3763 91
201 3712 233 3764 et
252 3707 329 3763 inire
348 3707 383 3760 ed
403 3706 530 3760 1111111)
548 3709 654 3775 qaudio
672 3708 810 3776 quadrat),
830 3706 980 3761 secundum
1002 3705 1041 3758 ‘te
1061 3706 1182 3760 besiarc'
1204 3709 1279 3762 recte
1299 3727 1328 3763 se

153 3800 253 3854 urbere
275 3798 322 3852 ‘te
345 3796 425 3851 basis
448 3796 585 3865 basiare’,
609 3796 844 3865 quemadmodum
868 3797 942 3865 apud
967 3794 1102 3850 Catonem
1126 3796 1164 3867 [d.
1185 3816 1205 3851 r.
1226 3817 1246 3851 r.
1269 3804 1328 3864 134,

155 3895 209 3951 119,
228 3887 316 3958 clius]
337 3887 449 3955 legetur
467 3891 492 3940 te
511 3887 596 3939 bonus
612 3901 703 3954 preces
718 3901 823 3952 precor.
856 3885 904 3937 sed
920 3885 990 3937 haec
1005 3883 1136 3939 nimirum
1151 3889 1193 3942 est
1209 3887 1329 3943 formula

153 3994 182 4031 rx
200 3975 410 4047 untiquissimis
428 3975 601 4045 temporibus
621 3973 739 4028 trudito:
769 3974 870 4028 Catulli
896 3976 989 4028 aetate
1015 3990 1114 4029 uereor
1137 3976 1328 4030 1111111111-

153 4084 211 4123 cere
229 4065 346 4122 licuerit
365 4081 449 4135 quum
469 4063 571 4118 ‘elicui
590 4063 670 4116 bosio
688 4062 826 4118 busisrc’.
865 4064 962 4132 quodsi
982 4082 1004 4118 e.
1025 4063 1050 4116 V
1071 4070 1085 4118 7
1110 4067 1139 4119 et
1162 4064 1243 4118 huius
1260 4081 1327 4132 poe·

153 4157 228 4213 mut
247 4176 274 4211 u.
294 4162 308 4210 1
329 4153 433 4209 Lesbis
452 4157 494 4208 est
513 4170 547 4208 cu
566 4169 637 4222 quae
659 4152 753 4207 osculo
768 4153 830 4221 dot,
850 4153 993 4222 equidem,
1014 4153 1146 4222 quonium
1162 4153 1231 4206 illud
1249 4153 1328 4207 ‘sotis

153 4247 202 4301 est*
226 4243 334 4315 recipit
357 4261 419 4299 eum
443 4244 679 4298 constructionem
704 4260 789 4311 quom
813 4243 898 4312 uulgo
923 4247 1026 4297 nocent
1051 4241 1243 4308 accusatiuum
1265 4259 1326 4296 eum

152 4334 290 4390 infinitiuo
310 4333 488 4402 (Kuehnerus
508 4352 547 4403 gr.
565 4334 581 4387 l.
599 4332 622 4386 11
643 4351 669 4402 p.
686 4338 761 4401 612),
783 4333 833 4387 ‘te’
851 4332 997 4387 habuerim
1018 4349 1067 4402 pro
1082 4331 1243 4386 accusatiuo
1263 4333 1327 4386 sub-

154 4420 231 4493 ineu,
250 4424 307 4479 hoc
331 4421 430 4477 modo:
454 4424 497 4477 tot
522 4423 599 4477 basis
623 4423 645 4477 si
670 4425 702 4476 tu
724 4423 818 4477 bosius
841 4439 945 4478 uesano
965 4421 1075 4476 Catullo
1098 4421 1166 4475 sutis
1190 4439 1327 4492 superque
