2940 4912
166 304 232 365 494
663 301 791 356 cxviii·
810 307 851 354 10.

169 464 203 518 cl.
228 480 269 516 ex.
293 482 334 532 gr.
355 462 495 532 Theognis
520 469 572 517 250
591 457 684 530 ἀγλαοὶ
704 458 850 516 Μουσάων
869 461 947 528 δῶρα
967 457 1158 530 ἰοστεφάνων,
1181 458 1341 517 Archiloeh.

167 552 201 608 fr.
223 559 236 605 1
256 552 305 605 nal
325 550 464 607 Μουσέων
484 548 587 621 ἐρατὸν
605 553 698 619 δῶρον
719 547 916 620 ἐπιστάμενος,
940 550 1005 605 Ηαε.
1026 550 1106 620 epist.
1125 549 1152 604 II
1171 555 1196 617 1,
1214 555 1276 605 243.
1312 552 1344 604 at

167 641 241 695 enim
266 643 295 695 et
318 643 471 710 priscorum
491 658 577 710 opera
594 642 676 694 erant
693 640 835 694 Musarum
854 641 933 695 dona.
973 638 1072 708 quodsi
1091 638 1264 707 quaerimus,
1287 654 1342 707 quo

169 730 279 783 tandem
299 732 382 798 paeto
399 729 511 798 Melius,
530 747 612 799 quem
632 727 717 798 prisci
731 732 791 782 tum
806 729 919 798 quidem
933 728 991 782 iam
1002 732 1061 782 ‘non
1075 729 1230 795 oblectant,
1247 730 1343 782 tammr

167 819 291 892 carmina
315 822 409 887 roget,
432 837 487 874 non
506 818 641 873 credibile
661 821 705 873 est
722 835 786 873 enm
805 817 922 888 petiisse
941 816 1016 873 leuia
1034 817 1086 872 ille
1103 818 1133 872 et
1150 817 1259 872 ludicra
1276 833 1341 887 poe

167 909 268 975 matis,
295 908 392 977 qualia
420 911 485 961 sunt
510 925 551 963 ex.
576 926 616 977 gr.
641 907 745 962 Catulli
771 924 873 977 passer.
918 923 1045 961 securum
1070 906 1245 975 hilaremque
1272 907 1343 960 haee

167 996 322 1063 delectant,
346 1014 401 1050 non
425 996 576 1065 angoribus
598 997 797 1064 maestitiaque
822 995 979 1061 adflictum3
1002 997 1032 1049 et
1055 1010 1111 1064 quo
1128 993 1189 1048 iure
1207 994 1344 1065 opuscula

167 1084 217 1138 illa
235 1086 324 1154 magis
344 1084 435 1139 obiter
453 1084 528 1138 iacta
546 1101 629 1152 qnam
657 1083 704 1137 din
724 1082 871 1138 elaborata
889 1084 1004 1152 (nugae
1023 1085 1108 1152 atque
1126 1082 1276 1152 ineptiae’)
1294 1099 1342 1136 uo·

168 1178 268 1228 cantur
293 1175 420 1228 ‘monera
438 1173 611 1228 Musarum'?
648 1171 767 1241 denique
786 1190 840 1231 non
859 1173 1035 1242 permiti-unt¹
1054 1176 1086 1226 nt
1102 1173 1145 1226 ita
1162 1170 1343 1240 accipiamus,

168 1264 255 1317 uerba
274 1264 336 1332 ipsa
355 1265 471 1331 propter
489 1261 645 1316 absentiam
665 1262 756 1315 iustae
776 1261 972 1330 oppositionis;
993 1278 1074 1329 qnae,
1092 1262 1126 1314 ut
1137 1260 1236 1315 adesse
1250 1260 1344 1326 debet,

169 1352 211 1404 ita
230 1341 300 1405 hace
319 1352 429 1404 tantum
448 1353 544 1420 potest
561 1366 631 1418 esse,
650 1354 681 1402 nt
700 1350 793 1419 prIsca
807 1353 837 1405 et
850 1349 960 1403 nonicia
974 1351 1034 1403 siue
1049 1348 1239 1403 Alexandrina
1251 1347 1343 1417 poesis

170 1435 200 1514 ἐξ
226 1436 357 1493 ἐναντίου
381 1435 549 1494 conlocetur.
587 1440 657 1493 haec
680 1440 775 1492 autern
799 1453 936 1493 nouorum
961 1439 1128 1507 scriptorum
1149 1438 1233 1492 docta
1251 1437 1344 1506 poesis

169 1530 206 1582 ab
234 1528 426 1582 Alexandrinis
449 1529 573 1598 pendens
601 1527 733 1597 quoniam
762 1527 890 1597 elegiaca
916 1527 1096 1597 potissimum
1124 1529 1168 1581 est
1196 1528 1237 1595 (et
1264 1526 1345 1581 derat

170 1617 312 1672 ueteribus
331 1619 401 1671 haee
419 1619 513 1686 poesis
532 1616 678 1687 elegiaca),
697 1616 754 1670 iam
769 1616 804 1671 de
822 1616 994 1686 accipiendis
1012 1620 1088 1670 recte
1107 1615 1201 1670 uerbis
1218 1615 1346 1669 ‘munera

171 1706 298 1760 Veneris'
320 1705 461 1760 dubitatio
481 1723 542 1760 esse
556 1706 662 1776 nequit.
691 1722 763 1774 qnae
777 1705 864 1760 uerba
878 1707 926 1760 ant
941 1705 1065 1775 corporis
1080 1706 1198 1760 formam
1212 1705 1345 1773 gruttam·

171 1813 224 1863 que
248 1796 292 1863 (ut
314 1794 395 1848 Hom.
418 1794 450 1849 Il.
474 1795 512 1848 Ill
532 1800 579 1863 tl,
604 1794 670 1849 Hor.
690 1795 735 1850 od.
753 1794 791 1848 IV
814 1800 855 1860 10,
876 1800 901 1860 1)
926 1797 975 1849 sut
998 1793 1093 1849 dulcia
1115 1792 1219 1848 amoris
1241 1791 1346 1860 gandia

172 1882 343 1952 deliciasque
358 1886 401 1949 (ut
411 1883 524 1939 Hesiod.
539 1887 607 1939 scut.
622 1888 656 1938 47
671 1880 844 1952 τερπόμενος
858 1881 973 1950 δώροισι
987 1879 1163 1951 πολυχρύσου
1173 1876 1345 1950 Ἀφροδίτης)

171 1971 303 2026 indicant.
341 1988 511 2040 quamquam
535 1973 701 2042 interpretes
725 1971 853 2027 nonnulli
877 1971 924 2025 hic
947 1971 1029 2026 ualde
1053 1971 1151 2041 inepta
1168 1970 1347 2040 protulerunt

170 2061 269 2127 (ueluti
295 2077 398 2114 nonam
427 2061 568 2116 dominam
598 2080 615 2116 a
638 2062 749 2117 Catullo
777 2078 837 2116 esse
861 2061 948 2116 Malio
976 2061 1194 2131 comparandam
1218 2059 1345 2127 Romae).

171 2149 297 2219 elegiaca
324 2151 419 2204 antem
447 2152 540 2219 poesis
564 2151 587 2205 si
616 2150 800 2220 significanda
822 2155 879 2216 est,
909 2149 1048 2205 artissime
1072 2149 1176 2205 debent
1198 2150 1346 2203 cohaerere

172 2239 299 2292 ‘munera
321 2240 350 2292 et
374 2239 513 2294 Musarum
538 2242 568 2294 et
589 2239 717 2294 Veneris’
743 2241 796 2293 hoc
821 2240 917 2294 medor
945 2239 986 2293 ‘et
1008 2238 1133 2293 earmina
1156 2238 1299 2292 Musarum
1317 2239 1348 2291 et

171 2327 286 2382 Veneris
301 2326 407 2396 gaudia
421 2329 449 2382 in
459 2347 544 2383 unum
556 2328 682 2383 conlnsa'
694 2329 755 2383 siue
767 2329 917 2399 ‘poemata
933 2328 1072 2396 inquibus
1082 2327 1177 2381 Venus
1187 2325 1345 2394 materiam,

113 2425 118 2433 ’
173 2417 268 2470 Musae
295 2417 414 2469 formam
442 2417 594 2486 limamque
621 2418 725 2472 cultam
755 2416 992 2487 suppeditarunt’.
1035 2416 1187 2471 obuersata
1213 2414 1346 2468 nimirum

171 2509 272 2575 poetas
295 2505 361 2558 sunt
383 2506 434 2559 illa
457 2505 641 2559 Anacreontis
672 2504 732 2573 (94b
758 2505 881 2574 Bergkii)
906 2499 941 2559 osi
965 2502 1052 2571 φιλέω
1077 2498 1108 2564 ὃς
1133 2504 1250 2572 κρητῆρι
1268 2499 1346 2568 παρὰ

170 2592 245 2666 πλέῳ
278 2592 469 2659 οἰνοποτάζων
497 2596 594 2648 νείκεα
622 2594 671 2647 καὶ
698 2589 822 2662 πόλεμον
850 2590 1028 2661 δακρυόεντα
1055 2591 1144 2661 λέγει,
1177 2588 1240 2647 dsr’
1270 2585 1348 2654 ὅστις

172 2681 311 2737 Μουσέων
341 2702 371 2736 τε
398 2683 446 2736 καὶ
472 2679 564 2751 &pluri
592 2678 662 2750 δῶρ’
687 2678 849 2752 Ἀφροδίτης
875 2685 1036 2751 συμμίσγων
1063 2679 1164 2751 ἐρατῆς
1189 2679 1346 2750 μνῄσκεται

172 2768 362 2842 εὐφροσύνης,
386 2776 462 2826 certe
486 2774 560 2841 qnod
580 2772 615 2826 ad
636 2773 721 2826 uerba
739 2771 855 2836 attinet;
877 2787 942 2825 nam
962 2771 1046 2825 docta
1065 2770 1192 2824 carmina
1208 2768 1348 2825 amatoria

172 2865 230 2917 tam
250 2879 293 2916 res
311 2861 373 2931 ipsa
392 2879 475 2929 quam
494 2861 644 2930 oppositio,
664 2864 696 2914 nt
715 2860 781 2926 dixi,
802 2860 847 2914 hic
866 2859 1003 2929 flagitant.
1041 2858 1172 2914 andierat
1190 2857 1291 2912 Malins
1311 2857 1346 2911 de

172 2968 245 3006 nouo
262 2951 353 3019 poesis
368 2966 478 3017 genere,
499 2949 572 3018 quod
588 2954 619 3001 ut
633 2949 780 3003 uerborum
795 2953 855 3003 arte
870 2949 911 3003 ita
926 2947 1143 3017 descriptionum
1158 2946 1187 3000 in
1201 2946 1349 3002 affectibus

173 3041 291 3094 maxime
312 3038 413 3092 amoris
432 3038 590 3092 subtilitate
609 3037 746 3091 adiiceret
765 3039 903 3106 legentem
928 3054 1043 3091 noscere
1062 3035 1159 3105 cupiit,
1179 3038 1288 3089 uttam
1306 3034 1348 3090 rei

173 3130 298 3182 nouitate
327 3145 410 3195 quam
441 3128 500 3194 lpso
529 3129 694 3194 argumento
718 3125 838 3193 pelleret
861 3142 948 3180 curas.
990 3125 1053 3193 quis
1076 3141 1117 3179 ex.
1141 3142 1182 3193 gr.
1207 3124 1348 3180 Ariadnae

173 3219 301 3271 desertae
320 3232 434 3268 carmen
453 3214 627 3283 aptissimum
648 3214 676 3266 in
697 3231 760 3267 eam
778 3231 838 3268 rem
857 3213 941 3268 luisse
960 3214 1125 3283 negauerit‘l
1163 3212 1220 3268 tale
1239 3213 1348 3282 aliquid

172 3322 228 3359 una
246 3322 308 3358 cum
324 3302 502 3358 adlocutione
517 3303 551 3354 ad
568 3319 598 3355 se
612 3302 749 3355 caelibem
763 3303 840 3357 faeta
855 3303 902 3369 (cf.
918 3301 1061 3357 XXXVIII
1076 3309 1102 3371 7)
1119 3300 1220 3356 Melius
1235 3301 1349 3372 rogauit

173 3399 204 3448 ut
227 3397 407 3463 componeret
429 3393 548 3446 amicus:
572 3408 590 3444 a
613 3391 692 3460 poesi
715 3390 892 3444 adflictornm
916 3391 1099 3446 consolatrice
1122 3391 1289 3447 suauissima
1306 3391 1349 3446 ita

172 3500 254 3552 opem
280 3483 402 3551 flagitat,
426 3483 459 3535 ut
481 3482 562 3535 simul
584 3482 690 3546 Venus,
715 3497 787 3549 qnae
811 3481 912 3534 uulnus
930 3480 1011 3545 feeit,
1034 3482 1119 3533 etiam
1140 3483 1220 3535 sanet
1237 3480 1347 3536 ααίααε.

172 3573 291 3641 elegiam
310 3573 397 3641 igitur
416 3586 433 3623 a
452 3569 538 3624 Malio
556 3570 675 3638 petitam
694 3585 756 3624 esse
774 3568 855 3623 nobis
874 3569 1021 3637 fingamus,
1040 3569 1068 3621 in
1088 3586 1144 3638 qna
1162 3570 1348 3625 consolationi

173 3662 201 3714 iu
221 3660 302 3715 initio
322 3664 350 3714 ct
368 3660 396 3713 in
411 3661 465 3713 fine
481 3659 590 3728 positae
605 3658 741 3712 inclusum
756 3664 830 3712 esset
843 3659 987 3725 tamquam
1002 3675 1067 3727 pars
1082 3659 1234 3728 praecipua
1247 3674 1349 3728 procura

173 3750 341 3804 amatorium
368 3748 503 3802 materiae
522 3746 654 3801 nimirum
674 3745 829 3812 subtristis,
853 3763 908 3801 non
927 3746 1091 3802 dissimilem
1111 3766 1130 3803 a
1146 3747 1348 3816 compositione

173 3839 285 3908 quidem
305 3838 436 3892 carminis
455 3835 583 3890 LIIVIIIb
601 3836 707 3906 (qualia
725 3837 785 3889 tum
806 3835 865 3890 sine
883 3835 971 3891 dubio
990 3837 1097 3892 usitata
1114 3838 1213 3905 erant).
1251 3835 1349 3905 quales

173 3927 363 3982 adlocutiones
387 3928 461 3997 apud
486 3930 597 3981 ueteres
620 3929 702 3980 erant
725 3924 874 3980 adamatae
899 3926 1041 3995 (exempla
1059 3925 1129 3981 dant
1147 3925 1232 3982 Statii
1251 3925 1348 3993 siluae,

173 4019 207 4072 cl.
232 4022 261 4072 et
279 4019 382 4073 Fronto
401 4036 427 4087 p.
448 4021 500 4072 234
520 4016 554 4070 N.
579 4032 663 4085 neque
681 4015 740 4068 ullu
756 4020 900 4083 poetaram
919 4017 1045 4070 cannino
1064 4055 1071 4069 .
1091 4057 1097 4068 .
1117 4020 1225 4070 tomum
1239 4030 1348 4083 promo

173 4109 264 4160 nerim
290 4108 327 4160 od
355 4108 457 4160 luctum
481 4106 556 4172 filiae
578 4121 651 4158 meuc
674 4104 823 4158 sodomum
846 4109 871 4158 ct
898 4105 1016 4158 dolorem
1039 4104 1217 4169 lmkndmb
1244 4102 1349 4157 amoris

172 4194 229 4247 illis
258 4194 376 4249 admixti
404 4195 562 4263 exemplum
591 4209 646 4245 non
675 4193 759 4261 plane
786 4209 941 4262 congruens
966 4193 1081 4261 praebet
1104 4189 1224 4260 Vergilii
1250 4192 1350 4260 ecloga

173 4284 290 4337 decima.
328 4284 407 4338 uides
429 4288 524 4337 autem
549 4299 582 4335 co
606 4281 695 4350 magis
720 4281 870 4335 coniuncta
888 4297 1003 4335 munera
1022 4280 1162 4334 Musarum
1183 4282 1213 4333 et
1231 4278 1349 4335 Veneris

174 4376 300 4441 spectare
319 4389 401 4440 posse
420 4374 456 4427 ad
480 4390 564 4427 unam
585 4371 705 4441 elegiam
725 4372 846 4438 doctam,
866 4370 940 4440 quod
960 4369 1016 4424 dno
1034 4367 1095 4424 eius
1112 4366 1215 4434 officia,
1234 4370 1265 4422 et
1281 4385 1347 4423 con·
