2940 4912
150 324 194 389 60
590 323 876 381 Paotauoraans.

149 495 248 554 hercle
268 493 453 568 coniectura,
472 512 532 571 qua
546 496 685 554 statuunt
699 493 849 553 Catullum
869 495 948 553 hunc
966 493 1076 553 librum
1096 495 1234 569 edidisse,
1253 515 1321 556 eum

149 593 252 652 morbo
282 592 516 668 adgraueseente
545 595 672 652 mortem
702 592 828 651 sentiret
855 591 1095 668 adpropinquare
1123 583 1178 673 (cf.
1202 591 1321 653 Schwa-

148 689 215 749 bius
240 709 267 765 q.
287 687 319 750 (l.
342 709 370 765 p.
392 683 479 769 297).
525 691 626 749 mirati
650 694 733 764 sunt,
760 691 838 766 quod
867 691 957 750 huius
983 691 1027 750 rei
1055 709 1161 751 uersus
1189 691 1228 751 ad
1252 690 1322 751 Cor·

148 788 261 847 nelium
284 788 459 864 praelatorii
482 789 596 847 nullum
622 809 694 865 prae
718 808 749 848 se
776 789 875 847 ferant
897 787 1047 848 indicium.
1093 788 1146 848 sed
1169 789 1252 848 aliud
1275 793 1323 850 est

148 886 257 946 amieos
281 887 359 945 male
381 904 527 945 memores
551 887 641 946 officii
663 887 824 946 admonere
842 878 953 968 (XXX,
972 878 1158 968 XXXVIII),
1181 885 1264 947 aliud
1282 888 1322 947 ad

149 984 248 1044 uirum
267 985 336 1044 fidei
355 988 507 1060 spectatae
526 986 647 1044 mittere
666 984 777 1044 donum
795 988 917 1097 §ratum
936 1003 1002 1043 eum
1022 984 1108 1043 breui
1126 985 1321 1062 dedicatione,

149 1102 167 1140 a
185 1103 245 1160 qua
263 1102 318 1158 par
336 1088 383 1142 est
396 1084 508 1143 afuisse
522 1082 672 1161 querellas
688 1101 799 1142 omnes.
832 1085 870 1156 et,
886 1085 920 1141 ut
938 1101 1043 1142 uerum
1062 1083 1168 1156 fatear,
1182 1082 1322 1145 lubenter

148 1181 203 1239 hoo
226 1181 364 1256 equidem
387 1181 460 1240 mihi
484 1181 664 1258 persuadeo,
687 1183 840 1257 aspectum
865 1178 956 1255 lepidi
980 1179 1027 1237 sui
1048 1180 1117 1238 noui
1136 1179 1233 1240 libelli
1251 1181 1321 1242 ulti·

149 1298 230 1336 mum
254 1279 393 1338 attulisse
416 1279 558 1355 gaudium
583 1282 690 1354 poetae
714 1279 791 1337 male
810 1281 948 1354 aegroto,
971 1276 1023 1354 qui
1042 1296 1095 1354 pro
1114 1296 1146 1336 se
1165 1278 1203 1337 ad
1221 1278 1320 1339 locum

147 1395 331 1436 communem
352 1378 411 1435 iam
431 1378 549 1436 abituro
568 1378 604 1435 ut
621 1376 676 1435 hoc
695 1377 909 1452 qualecumque
924 1394 999 1450 opus
1014 1374 1054 1434 alt
1068 1375 1217 1435 uicturum
1231 1381 1321 1453 rogat

148 1493 166 1531 a
182 1473 303 1533 Pallade
318 1475 463 1534 librorum
483 1474 602 1534 tutrice.
635 1473 686 1533 sed
707 1492 767 1549 qua
780 1474 850 1532 anui
865 1474 906 1532 54
922 1476 1008 1549 parte
1022 1473 1122 1534 editna
1137 1475 1178 1534 sit
1190 1475 1320 1554 libellus,

148 1572 212 1630 erui
236 1572 353 1650 nequit3
383 1573 558 1632 Buecheleri
587 1572 624 1631 de
652 1572 708 1630 hac
736 1589 767 1629 re
795 1572 996 1631 coniecturam
1023 1571 1166 1632 incertam
1190 1573 1259 1634 uide
1282 1576 1321 1635 ad

147 1669 230 1728 XXV
257 1673 272 1728 1
300 1662 368 1749 (nec
391 1671 502 1731 rectius
525 1671 577 1730 alli
600 1670 713 1729 c.L111
737 1660 981 1750 arcessiuerunt).

238 1768 406 1843 Antequam
431 1787 568 1846 pergam,
591 1768 725 1828 breuiter
747 1771 857 1827 testem
876 1765 972 1825 adhuc
990 1765 1126 1842 ignotum
1146 1787 1201 1828 neo
1218 1773 1321 1831 tamen

147 1865 394 1926 contemnendum
425 1866 589 1940 proferam,
617 1865 667 1941 qui
698 1865 879 1925 sententiam
908 1865 990 1922 illam
1020 1865 1109 1940 plane
1138 1869 1321 1946 comprobat,

147 1982 206 2038 qua
224 1963 427 2038 compluribus
446 1963 649 2023 uoluminibus
668 1963 872 2023 collectionem
892 1960 1093 2022 Catullianam
1114 1964 1213 2040 qualis
1231 1967 1322 2028 bodie

147 2064 231 2120 extat
254 2059 446 2118 distributam
469 2059 562 2119 fuisse
586 2079 748 2121 censemus.
785 2062 928 2138 leguntur
950 2060 1029 2137 apud
1054 2062 1224 2123 Martialem
1242 2064 1258 2124 I
1279 2068 1318 2126 61

146 2158 215 2217 inde
239 2177 257 2216 a
280 2176 369 2216 uersu
393 2157 489 2233 primo
512 2157 616 2218 haece:

432 2255 548 2315 Verona
570 2258 644 2315 docti
665 2258 793 2331 macone
816 2263 896 2318 nnect
917 2261 1009 2326 unns,

471 2355 599 2415 Marone
620 2357 691 2429 felic
713 2355 843 2415 Mantua
866 2360 919 2423 est,

427 2451 566 2513 Censetur
589 2452 697 2528 Apono
720 2453 809 2511 Liuio
832 2469 884 2512 sico
907 2453 990 2513 tellue

470 2551 613 2625 Stellaque
635 2570 686 2610 nec
708 2551 814 2610 Ilcceo
835 2553 933 2610 minus
956 2570 1016 2627 eqs.

146 2651 302 2709 audiamus
319 2650 514 2724 interpretem
531 2650 729 2709 nouissimum
744 2649 928 2710 IFlaohium:
952 2642 1112 2728 ‘syllabas]
1133 2651 1195 2712 soil.
1209 2653 1320 2715 hende-

146 2748 324 2824 casyllabos.
360 2748 397 2806 ol.
421 2748 447 2804 X
472 2750 500 2823 9,
526 2752 541 2807 1
567 2749 689 2807 undenis
706 2749 885 2821 pedibusque
907 2742 1099 2822 mdubupee'.
1146 2749 1195 2810 hie
1217 2755 1320 2815 tamen

146 2847 228 2905 locus
252 2865 288 2903 ex
316 2845 418 2905 addito
443 2839 599 2904 ‘undenis’
623 2848 720 2905 lucem
749 2844 873 2921 syllabis
903 2845 1058 2905 affundens
1085 2864 1145 2907 non
1171 2851 1320 2927 perspicio

145 2944 217 3020 quid
241 2943 375 3002 conferat
398 2943 436 3001 ad
459 2944 665 3019 explicandum
688 2947 839 3016 nostrum,
862 2943 894 3001 in
917 2962 975 3018 quo
997 2961 1084 3019 spero
1103 2963 1206 3007 omnes
1225 2950 1319 3009 semel

145 3042 275 3101 monitos
300 3040 373 3098 mihi
397 3040 575 3099 adsensuros
599 3060 665 3100 esse
688 3041 909 3117 ineptissimum
929 3040 1004 3100 illud
1023 3043 1136 3103 nudum
1160 3038 1318 3122 ‘syllabas'

146 3141 319 3216 expulsur03
347 3137 431 3214 legas
460 3158 494 3198 er
518 3143 600 3199 certa
627 3159 695 3200 mea
718 3139 925 3198 emendatione
949 3132 1125 3217 ‘aittyboa'z
1149 3143 1319 3220 dequibus

145 3237 181 3297 cI.
206 3236 388 3311 MHauptius
418 3254 516 3311 opusc.
540 3238 586 3296 III
609 3258 637 3313 p.
656 3241 731 3296 411.
776 3241 929 3312 ponuntur
957 3238 1072 3313 poetico
1100 3240 1212 3302 indicae
1235 3245 1321 3304 uolu-

145 3336 259 3393 minum
287 3353 340 3410 pro
370 3334 415 3392 his
444 3334 530 3410 ipsis:
559 3335 679 3395 Verona
710 3336 842 3394 laetatur
874 3335 1078 3410 compluribus
1111 3357 1187 3414 quae
1215 3344 1321 3401 extant

145 3433 348 3494 uoluminibus
368 3430 480 3491 Catulli
500 3433 547 3492 sui
569 3453 701 3509 operum.
740 3435 842 3509 potest
864 3433 919 3493 hoc
938 3435 1115 3511 exquisitius
1135 3435 1247 3497 dictum
1265 3459 1321 3515 per

146 3552 178 3590 se
198 3531 347 3607 sufficere3
368 3531 419 3589 sed
439 3531 652 3606 coniecturam,
671 3551 724 3591 cur
743 3533 893 3590 sententia
911 3531 1046 3609 uulgaris
1061 3526 1193 3595 ‘Verona
1205 3537 1321 3613 gaudet

146 3623 281 3687 Catullo'
306 3629 348 3688 sic
373 3629 561 3704 potissimum
585 3630 625 3688 sit
648 3648 802 3705 expressa,
826 3647 895 3687 mox
918 3630 1078 3705 proferam.

238 3724 492 3802 Contemplaturis
511 3727 597 3786 nobis
616 3728 733 3803 reliqua
751 3747 791 3787 cc.
806 3726 1023 3787 LXI-CXVI
1041 3730 1245 3805 quaerendum
1264 3735 1319 3810 ast,

144 3842 215 3881 num
240 3824 394 3898 probabile
418 3825 470 3897 sit,
500 3844 535 3884 ea
564 3845 681 3901 quoque
710 3823 870 3883 aCatullo
898 3825 963 3902 ipso
991 3845 1058 3886 esse
1085 3827 1116 3886 iu
1144 3847 1236 3888 unum
1259 3830 1318 3890 ool-

145 3921 229 3980 lecta.
279 3942 340 3997 qua
366 3923 397 3981 in
425 3942 456 3980 re
489 3923 518 3981 id
547 3924 607 3982 iam
640 3923 799 3999 suspicioni
828 3923 953 3997 praebet
980 3942 1096 3998 ansam,
1127 3925 1206 4001 quod
1233 3927 1320 3986 deest

144 4018 240 4077 omnis
264 4019 410 4094 praefatio
433 4038 529 4095 neque
553 4025 653 4081 tamen
677 4026 746 4081 ante
770 4042 793 4082 e.
814 4022 882 4081 LXI
906 4015 952 4102 (in
975 4023 1064 4082 huius
1087 4023 1208 4100 quidem
1231 4025 1318 4086 initio

144 4111 319 4195 uoluminis)
343 4118 455 4193 aliquid
480 4118 551 4176 olim
576 4121 699 4194 periisse
722 4120 877 4195 probabile
897 4125 955 4193 est,
977 4137 1046 4178 cum
1065 4122 1120 4180 hoe
1138 4141 1162 4181 c.
1181 4121 1260 4199 LXI,
1284 4128 1318 4184 ut

144 4216 203 4274 iam
227 4215 300 4292 dixi,
324 4215 477 4290 aptissime
502 4236 610 4292 agmen
635 4219 736 4277 ducat:
765 4219 855 4277 obuia
882 4221 929 4277 est
957 4218 1140 4293 coniectura,
1165 4219 1317 4283 Catullum

144 4314 235 4371 etiam
259 4313 369 4372 librum
394 4313 457 4372 siue
481 4316 610 4373 alterum
632 4317 697 4376 siue
716 4317 878 4375 secundum
897 4314 1059 4373 missurum
1077 4316 1170 4377 fuisse
1189 4319 1228 4378 ad
1246 4323 1318 4380 ami-

145 4433 210 4472 cum
236 4413 385 4488 quondam
409 4405 492 4492 (nam
517 4413 598 4473 LXV
622 4416 659 4473 ad
684 4415 779 4474 solum
803 4410 900 4470 LXVI
923 4405 1063 4489 spectat).
1104 4412 1211 4475 deinde
1238 4438 1319 4497 uero,
