2940 4912
98 332 102 336 ’
157 325 224 388 460
652 327 740 381 6777
759 332 836 382 e-e.

159 484 304 555 explicant
328 487 507 551 ‘decedent',
531 487 635 542 abeant
659 487 719 543 siue
743 486 882 542 occidant.
919 487 968 541 sed
990 489 1149 543 mirandum
1172 493 1227 555 est,
1250 489 1335 558 plane

159 575 276 629 eandem
295 591 352 628 rem
374 573 421 629 hic
440 576 651 631 commemorari
670 579 756 644 atque
774 594 800 631 u
821 583 836 630 7
857 576 1016 630 ‘stellatum
1035 576 1156 644 obitus‘,
1179 577 1229 631 ubi
1246 577 1334 632 tacite

159 662 401 732 subintellegimus
426 664 477 718 hos
500 664 595 718 obitus
619 665 704 720 certis
726 665 900 734 temporibus
920 682 972 719 usu
990 665 1099 733 uenire,
1123 665 1156 719 ut
1172 665 1271 719 eadem
1290 682 1335 721 res

159 769 193 807 ex
216 754 296 822 parte
320 768 394 806 nunc
416 750 513 821 inepte
537 754 687 823 repetatur.
724 752 859 808 Astatiae
883 770 925 823 cp.
945 751 1005 808 Tib.
1026 752 1037 805 Ι
1056 758 1082 820 4,
1101 757 1136 808 70
1159 769 1251 808 annio
1274 756 1335 824 nqit

159 848 233 898 certa
247 844 341 897 lueida
353 844 436 911 cipeto
449 843 516 898 cicc.
554 843 602 897 sed
617 843 652 897 de
667 843 732 897 anui
746 842 929 913 temporibus,
949 844 981 896 nt
995 843 1080 897 uerba
1095 841 1233 912 leguntur,
1250 859 1335 897 nemo

160 929 299 1000 cogitabit
317 946 367 984 suo
386 933 499 1000 sponte:
518 931 602 986 nimis
619 931 752 1002 ambigua
766 930 862 986 dictio.
898 931 973 986 unde
987 931 1137 1001 legendum
1153 947 1212 986 esse
1227 933 1336 988 conieci

160 1019 313 1087 aliquando
334 1020 474 1090 ‘tempora
492 1019 658 1088 sideribus’‚
678 1020 712 1074 cl.
732 1020 799 1075 Hor.
818 1020 898 1090 epist.
918 1020 931 1073 l
950 1027 974 1088 6,
994 1026 1011 1074 3
1035 1025 1060 1074 et
1078 1021 1233 1074 decedentia
1255 1023 1337 1076 certis

161 1116 283 1178 tempora
301 1111 440 1164 momentis
459 1111 505 1180 (=
524 1109 645 1165 siderum
664 1109 808 1180 motibus),
826 1109 922 1166 Munil.
941 1110 1020 1165 1476
1035 1115 1108 1166 certa
1125 1109 1217 1164 adera
1231 1111 1261 1164 et
1273 1115 1334 1165 630.

160 1196 210 1252 sed
223 1197 368 1252 lamudam
384 1200 435 1267 est,
449 1198 541 1253 miuus
556 1203 622 1268 apte
637 1200 707 1255 haec
721 1199 863 1271 interponi
876 1199 951 1254 inter
966 1198 1034 1254 solis
1049 1201 1078 1254 et
1091 1199 1175 1252 lunae
1184 1197 1335 1253 delectum.

160 1285 234 1341 unde
254 1286 369 1342 ‘sidera'
390 1287 426 1341 ad
445 1288 533 1343 solem
551 1288 655 1358 refero,
680 1288 798 1359 pluralis
817 1289 846 1342 in
865 1305 920 1343 uno
940 1287 1008 1343 solis
1027 1287 1117 1342 sidere
1137 1287 1335 1343 ardentissimo

162 1392 224 1430 cum
245 1376 283 1429 eit
296 1391 351 1430 non
371 1376 412 1431 its
425 1392 503 1430 rarus
518 1375 611 1446 (Ouid.
627 1381 691 1433 met
702 1377 765 1431 XIV
779 1380 854 1447 177);
873 1378 952 1432 Lucr.
968 1377 993 1431 V
1008 1382 1059 1432 766
1073 1377 1164 1446 solque
1177 1393 1241 1432 euos
1253 1378 1336 1432 άίαηι

160 1465 294 1520 dimittere
308 1467 458 1535 lacquidas
472 1468 546 1536 iqaeb
560 1472 676 1537 tempore
689 1485 739 1523 car
759 1473 830 1522 certo
848 1473 970 1537 nequeat.
1009 1466 1083 1535 quod
1103 1465 1128 1519 si
1147 1466 1257 1535 probas,
1277 1467 1333 1521 ‘ut’

161 1552 372 1624 perspicuitatis
390 1572 476 1609 causa
494 1572 601 1610 mecum
622 1554 651 1610 iu
667 1557 717 1611 ‘et’
734 1560 823 1610 muta=
844 1556 1072 1610 circumiacentes
1087 1554 1204 1610 uoculae
1218 1555 1334 1611 eaedem

162 1643 338 1712 corruptelae
361 1661 437 1698 ausa.
458 1675 490 1683 —
510 1645 544 1714 5,
568 1645 597 1703 ll.
621 1645 657 1701 ut
675 1645 810 1700 Triuiam
829 1644 937 1700 iurtlm
955 1643 1011 1699 sull
1030 1645 1146 1700 Latmia
1164 1659 1238 1700 saxa
1255 1647 1333 1701 rele-

161 1746 236 1799 gens
255 1732 353 1787 dnlels
373 1747 457 1787 emor
476 1748 568 1801 goero
588 1733 716 1790 deuocet
729 1733 877 1790 aetherio.
914 1732 997 1787 lunas
1012 1732 1140 1788 delectus
1153 1734 1334 1804 latebrasque

162 1820 253 1888 (Lucr.
271 1822 295 1874 V
315 1825 378 1892 761)
397 1839 431 1876 ex
451 1821 542 1876 causis
561 1821 683 1892 physicis
703 1824 862 1893 exploratas
881 1838 941 1877 esse
960 1839 977 1875 a
997 1820 1108 1876 Conone
1126 1825 1211 1892 poeta
1228 1823 1337 1879 indicat

162 1926 298 1966 exornans
307 1913 375 1966 nota
385 1911 489 1979 tabula,
499 1911 651 1966 secuudum
661 1928 745 1981 quam
754 1910 968 1981 Lunapulcrum
977 1910 1123 1965 mortalem
1132 1909 1333 1980 Endymiouem

161 1999 257 2056 uisura
280 2001 308 2055 iu
328 2000 425 2056 Cariae
443 2003 538 2056 moute
557 2000 657 2055 Latmo
676 2000 748 2056 clem
767 2003 849 2056 nocte
868 1999 977 2056 caelum
996 1999 1138 2069 relinquit
1176 1998 1231 2054 Cic.
1251 2000 1333 2056 Tusc.

162 2091 175 2144 Ι
193 2095 237 2156 38,
256 2095 290 2144 oe
310 2090 471 2162 Endymion
489 2106 554 2145 aero
571 2091 598 2144 ei
614 2091 728 2157 fabulae
746 2091 845 2145 audire
861 2091 998 2156 columae,
1016 2094 1048 2143 ut
1065 2091 1156 2143 mccc
1174 2089 1285 2158 qumodo
1303 2091 1335 2144 ia

162 2178 262 2234 Laoc
290 2181 467 2248 obdormiscit,
494 2180 616 2235 modam
641 2181 740 2249 opinor
765 2186 804 2235 est
829 2179 1047 2249 eepcrqcfaclas:
1074 2195 1140 2232 cam
1165 2179 1253 2249 ἐρίων
1274 2196 1335 2234 mm

163 2285 261 2323 moure
275 2285 373 2336 cenete,
387 2285 447 2324 cum
458 2269 542 2324 laesa
556 2271 659 2325 laboret
669 2269 707 2336 (h.
717 2285 741 2323 e.
756 2267 888 2336 deficiat),
899 2284 917 2321 a
930 2285 986 2337 qieo
999 2268 1156 2337 coeeeopilue
1165 2272 1294 2337 patebo,
1303 2274 1335 2324 al

163 2374 223 2412 mem
237 2358 412 2412 domicoton
426 2359 603 2413 oscularetur.
637 2356 839 2413 Alexandrinos
854 2352 905 2418 τὰς
918 2355 1010 2418 αἰτίας
1024 2372 1118 2410 rerum
1132 2357 1336 2427 inuestigautes

162 2445 258 2501 decuit
273 2447 343 2501 haec
361 2445 520 2516 explicatio,
539 2464 596 2515 quc
615 2446 694 2501 Luna
711 2450 771 2502 tum
790 2444 962 2501 descendere
980 2445 1015 2499 ad
1029 2445 1167 2500 amasium
1181 2445 1336 2515 dicebatur,

163 2535 275 2604 quaudo
288 2535 408 2602 latebat3
425 2539 548 2591 ceterum
559 2535 592 2591 ci.
605 2537 640 2590 de
654 2536 751 2590 fabula
765 2535 884 2589 mammo
896 2533 1020 2589 Naelrius
1030 2534 1092 2588 Vel.
1103 2533 1163 2590 Cat
1173 2553 1200 2605 p.
1213 2541 1264 2590 166
1274 2553 1335 2605 sqq.

163 2624 314 2692 (Prellerus
337 2625 425 2695 myth.
450 2643 490 2695 gr.
511 2625 522 2678 1
545 2644 573 2695 p.
593 2631 644 2680 647
669 2629 729 2694 sq).
766 2624 801 2679 de
821 2622 919 2679 Triuia
940 2624 975 2678 ad
995 2623 1111 2677 XXXIV
1132 2629 1173 2678 16.
1210 2622 1336 2696 Λάτμιον

163 2709 269 2783 ἄντρον
283 2717 473 2768 conmemorat
483 2714 574 2784 Apoll.
585 2713 674 2768 Rhod.
685 2713 722 2767 ΙΙΙ
734 2720 767 2767 67
783 2711 842 2782 (ubi
853 2712 887 2768 of.
898 2711 1004 2781 schol).
1026 2713 1088 2766 ‘sub
1103 2730 1170 2768 saxa
1183 2714 1335 2784 relegans’,

164 2802 278 2857 mittens
292 2801 322 2856 in
336 2807 457 2869 antrum,
473 2803 582 2871 poetice
596 2801 707 2872 dicitur,
722 2805 754 2856 ut
768 2801 897 2856 similiter
911 2800 995 2870 Verg.
1006 2802 1074 2856 Aen.
1086 2801 1136 2856 VIl
1151 2810 1202 2858 776
1217 2803 1337 2872 Epericc

163 2894 318 2962 morique
344 2894 452 2964 relcqct.
495 2890 612 2947 Theocr.
635 2897 679 2959 20,
698 2898 732 2946 38
755 2885 808 2944 ἀπ’
836 2885 979 2959 Oileipmo
1006 2887 1038 2944 dl
1067 2895 1183 2961 poloion
1210 2889 1336 2962 Λάτμιον

164 2975 201 3035 ἂν
224 2978 314 3044 νάπος
336 2974 408 3051 ἦλθε
431 2981 480 3036 καὶ
500 2980 540 3044 εἰς
558 2979 616 3035 ’ἕνα
639 2982 720 3035 παιδὶ
744 2977 899 3034 κάθενᾶεν.
938 2979 1036 3033 ‘aerio'
1057 2978 1147 3035 tradit
1166 2980 1189 3035 V
1207 2981 1337 3036 sollemni

164 3088 227 3125 cum
259 3070 420 3126 confusione
452 3088 553 3125 uocum
586 3071 706 3125 ‘aether'
742 3072 771 3125 et
803 3069 872 3123 ‘aer’
907 3084 1032 3137 quaeque
1060 3068 1126 3124 hinc
1154 3069 1336 3126 descendunt

164 3159 367 3214 Alexandrinos
395 3157 472 3228 ipsos
497 3159 645 3213 fluctuasse
669 3159 728 3213 sine
751 3158 810 3213 ullo
833 3155 994 3212 discrimine
1017 3157 1093 3213 inter
1115 3156 1205 3229 αἰθήρ
1228 3163 1258 3214 et
1280 3154 1336 3229 ἀήρ

164 3264 310 3319 perperam
334 3247 500 3318 persuadere
524 3248 619 3302 studet
642 3246 853 3302 OSchneiderus
872 3245 981 3301 Gallim,
1000 3246 1013 3299 1
1030 3264 1058 3315 p.
1078 3253 1131 3302 793
1154 3265 1213 3317 sqq.
1233 3248 1280 3318 (ci.
1299 3248 1336 3304 ad

165 3357 191 3393 u.
208 3344 247 3406 7);
261 3338 401 3392 Romanos
415 3336 472 3392 scio
486 3336 589 3391 risuros
604 3336 688 3391 luisse
702 3337 764 3404 hoc,
779 3335 886 3390 Dianae
902 3353 957 3391 non
970 3335 1000 3390 iu
1014 3337 1094 3392 caelo
1110 3338 1156 3391 sed
1171 3336 1199 3391 in
1216 3337 1336 3392 nubibus

164 3445 225 3482 esee
243 3428 311 3495 iter;
330 3445 395 3482 nam
415 3429 444 3481 et
461 3425 644 3481 Horatianum
664 3426 755 3480 aeriae
773 3426 864 3480 dom
883 3424 938 3491 (od.
957 3423 970 3476 I
989 3431 1033 3494 78,
1052 3429 1080 3494 6)
1099 3428 1129 3480 et
1143 3425 1336 3496 Vergilianum

165 3519 238 3573 acria
261 3518 293 3571 in
315 3517 420 3585 compes
442 3518 521 3583 (Aen.
546 3514 586 3569 VI
605 3517 668 3584 646)
691 3512 758 3568 hinc
780 3512 881 3569 alienu.
923 3515 967 3567 est
989 3515 1083 3568 autem
1108 3515 1215 3584 ‘gyrus'
1241 3533 1337 3571 cursus

164 3611 323 3662 menstruus
342 3604 470 3673 (XXXIV
490 3607 548 3675 17);
572 3605 638 3660 Hor.
662 3608 714 3660 sat.
734 3603 759 3659 ΙΙ
779 3610 804 3674 6,
823 3609 858 3658 66
880 3619 927 3657 eeu
949 3604 1047 3659 hama
1071 3606 1192 3659 niualem
1210 3606 1338 3660 inuitare

161 3697 235 3753 diem
257 3713 325 3767 cyro
348 3697 448 3762 trahil,
476 3696 538 3750 Seu.
564 3695 680 3750 Phaedr.
704 3700 756 3749 317
780 3694 826 3748 ille
853 3698 1003 3748 nocturnae
1027 3695 1134 3763 opilare
1156 3694 1235 3764 bique
1256 3695 1337 3750 diecd

165 3792 190 3842 ct
212 3803 280 3857 oyro
303 3787 426 3840 &coiere
448 3787 520 3853 {lecti
543 3785 578 3839 de
597 3785 692 3839 Lunae
716 3800 812 3847 curru;
835 3781 923 3836 latete
947 3781 1066 3836 formam
1085 3782 1205 3852 priscam
1225 3783 1334 3853 ‘goero’

165 3875 210 3946 (ci.
225 3875 399 3931 thuellerus
417 3890 516 3930 comm.
532 3874 618 3929 Lucil.
636 3892 663 3943 p.
683 3874 746 3941 377)
765 3870 906 3926 intellexit
925 3869 1052 3940 Scaliger
1069 3871 1099 3925 in
1117 3871 1247 3926 lectionis
1266 3872 1337 3928 inl

165 3966 288 4021 extentis
311 3965 435 4019 monstro
460 3963 640 4034 ‘guioclero’,
663 3962 690 4017 h.
712 3979 736 4016 e.
756 3962 838 4031 ‘guro
856 3961 875 4016 l.
895 3960 970 4016 eero'
992 3960 1107 4031 (duplex
1126 3960 1282 4031 scriptura)
1303 3991 1337 4002 -

167 4055 195 4125 7,
214 4054 242 4110 8.
262 4054 340 4109 ldem
361 4066 405 4107 me
425 4051 479 4106 llle
499 4051 599 4107 (lonou
618 4049 745 4106 caelestl
763 4048 886 4104 numine
905 4048 985 4104 uldlt
1002 4063 1019 4104 e
1038 4049 1207 4104 Beroniceo
1221 4050 1338 4105 uertice

166 4143 341 4199 caesariem.
379 4141 475 4196 Conon
498 4140 609 4195 Samius
631 4137 757 4207 aequalis
782 4140 843 4191 erat
864 4136 945 4191 Arati
968 4139 999 4192 et
1019 4136 1208 4202 Archimedis,
1231 4138 1338 4193 amicus

166 4231 341 4299 Callimachi,
359 4230 441 4284 multi
460 4229 580 4283 nominis
599 4228 681 4296 (‘ille’
699 4226 788 4293 effert,
807 4229 839 4280 ut
853 4224 917 4278 Vlll
932 4227 959 4292 6)
975 4223 1190 4278 mathematicus
1205 4228 1234 4278 ot
1248 4229 1337 4282 astro·

165 4337 278 4387 nemus,
306 4321 340 4374 de
360 4319 438 4374 cuius
456 4323 553 4373 tamen
576 4316 689 4387 scriptis
712 4315 784 4370 uihil
807 4315 947 4384 superest;
976 4313 1010 4367 ci.
1035 4308 1179 4364 Fabricius
1202 4311 1270 4367 bibl.
1295 4333 1337 4384 gr.

169 4408 205 4462 ΙΙΙ
228 4426 255 4477 p.
279 4413 323 4476 76,
348 4413 408 4463 176.
450 4408 563 4463 seruata
586 4408 650 4461 sunt
673 4405 719 4460 hic
741 4403 829 4474 ipsius
851 4398 1017 4470 exemplaris
1039 4396 1127 4451 uerba
1148 4399 1223 4465 apud
1248 4402 1337 4457 schol.
