2940 4912
660 318 720 371 XLI
742 321 818 371 r-a.
1263 320 1327 384 229

155 483 214 536 dati
230 481 409 546 etsat.Ilss‚
426 486 475 534 117
495 479 641 533 interdicta
659 480 724 532 huic
742 495 819 533 omae
837 479 944 533 adimat
962 481 1007 533 ias
1021 486 1135 548 praetor
1151 486 1176 535 et
1191 483 1228 535 ad
1246 498 1329 536 sanos

153 571 229 625 atera
255 570 341 624 tutela
364 571 535 639 propinquos
560 568 606 637 (ct.
631 571 661 622 et
685 567 800 621 lteiuius
825 567 890 622 libri
918 568 960 622 ‘d.
984 567 1177 623 Privatrecbt²
1205 587 1232 638 p.
1253 574 1325 638 545).

155 660 270 729 ‘quibus
288 675 373 713 curae
392 658 462 725 est’,
481 657 508 710 h.
529 673 552 712 e.
572 657 632 710 siue
651 656 805 724 tutoribus,
828 657 931 725 quibus
949 657 1000 710 illa
1021 660 1054 710 nt
1072 657 1177 711 femina
1196 659 1327 713 utebatur

152 750 311 815 (utcontra
328 747 469 802 interdum
489 747 603 801 ‘tutela’
624 762 676 816 pro
695 763 728 801 eo
748 746 823 816 quod
837 746 950 815 proprie
965 747 1069 801 dicitur
1084 747 1175 801 ‘cura'
1191 747 1326 817 ponitur),

152 839 211 892 siue
230 839 283 902 eis,
305 838 406 906 quibus
426 854 493 891 cura
512 834 643 905 legitima
663 835 815 905 contingit,
839 836 862 889 si
881 854 933 889 ueu
952 837 1061 900 aeniat;
1080 836 1158 890 nullo
1178 839 1262 905 pacto
1283 839 1325 890 nt·

153 930 216 995 pote
235 929 265 980 in
282 926 388 981 femina
406 927 441 980 de
460 926 636 981 curatoribus
655 940 690 978 ex
709 925 771 993 lege
792 924 933 979 Plaetoria
951 924 1025 978 datis
1044 911 1169 994 cogitare
1189 927 1268 993 licet,
1288 927 1323 981 cf.

150 1015 262 1070 Reiaius
280 1015 300 1071 l.
318 1015 336 1070 l
356 1032 382 1084 p.
399 1021 460 1070 54⁷.
498 1014 529 1067 hi
548 1013 698 1083 propinqui
722 1030 796 1067 nunc
815 1029 970 1067 conuocare
991 1011 1121 1066 iubentur
1140 1016 1170 1067 st
1188 1014 1318 1081 medicos,

151 1104 250 1173 quibus
268 1105 419 1159 sanandam
439 1104 574 1158 feminam
594 1102 717 1168 tradant,
736 1107 765 1156 et
784 1102 902 1168 amicos,
923 1117 1042 1170 quorum
1060 1101 1188 1157 adhibito
1207 1103 1324 1158 consilio

151 1208 214 1247 sere
230 1193 353 1248 insanire
373 1194 498 1263 aliquem
521 1191 740 1248 confirmabatur
764 1205 938 1259 quorumque
961 1190 1152 1244 testimonium
1172 1192 1322 1261 plurimam

151 1282 208 1336 aaa
225 1281 311 1336 dubio
334 1281 450 1336 ualebat
474 1279 549 1350 apud
573 1282 730 1349 praetorem
755 1280 783 1332 in
808 1278 902 1332 dando
922 1276 1050 1345 legitimo
1074 1278 1165 1333 insani
1185 1284 1322 1335 curatore.

152 1370 222 1425 nibil
244 1370 313 1426 alibi
336 1372 371 1424 de
390 1369 544 1425 amicorum
565 1369 680 1424 consilio
699 1369 728 1423 in
747 1367 801 1422 hac
820 1385 849 1421 re
868 1371 911 1421 est
928 1368 1080 1435 traditum,
1099 1368 1152 1422 nisi
1172 1369 1226 1422 huc
1246 1371 1324 1425 lubet

151 1461 260 1515 trahae
278 1461 366 1514 uerba
385 1457 442 1512 Cic,
462 1459 544 1513 Taso.
563 1457 588 1511 Il
607 1464 654 1524 21,
673 1463 707 1512 48
732 1457 875 1510 uinciatur
897 1462 922 1510 et
944 1458 1152 1527 canatrinpatur
1173 1460 1323 1514 ammarum

146 1550 414 1620 propinquaturum
432 1549 578 1613 custodii33
597 1547 645 1601 sed
664 1546 692 1600 in
713 1546 851 1599 similibus
870 1544 942 1599 illud
967 1549 1214 1614 commemoratur,
1234 1549 1322 1603 ueluti

150 1639 195 1706 Sp.
219 1637 343 1693 Cassium
369 1636 552 1691 Viscellinum
575 1653 592 1690 a
615 1638 694 1705 patre
720 1634 782 1689 neci
804 1650 866 1688 esse
890 1633 987 1688 datum
1011 1636 1134 1690 adhibito
1153 1640 1322 1707 propiaqua-

149 1744 206 1780 ηε
219 1734 245 1782 et
261 1729 413 1783 ammomm
426 1728 541 1782 coasilio
560 1725 621 1781 Val.
638 1727 710 1779 Max.
725 1723 750 1777 V
765 1729 821 1790 8,2
840 1723 937 1778 tradit.
975 1723 1009 1778 cf.
1028 1721 1105 1777 idem
1126 1724 1151 1777 ΙΙ
1170 1731 1195 1792 9,
1214 1731 1245 1792 2,
1266 1726 1321 1782 Cic.

148 1833 174 1884 p,
188 1815 265 1870 Rosa.
283 1819 342 1871 Am.
364 1823 406 1883 10,
426 1821 461 1869 27
480 1817 513 1871 ae
531 1817 680 1870 amicorum
698 1819 927 1884 copaataramqac
945 1814 1081 1867 scatentia
1098 1813 1256 1885 (thering,
1277 1817 1320 1873 ‘G.

149 1904 174 1957 d.
188 1923 208 1958 r.
222 1905 267 1959 B!
282 1907 307 1960 11
329 1912 353 1969 1,
371 1924 399 1975 p.
414 1907 488 1973 217).
510 1934 543 1945 —
564 1904 592 1974 7,
612 1902 640 1958 8.
661 1918 721 1958 nan
741 1903 788 1957 est
806 1916 879 1956 sana
896 1901 1001 1971 puella
1020 1916 1074 1958 nea
1092 1917 1202 1970 rogare
1221 1905 1322 1972 qualia

149 1993 189 2048 as
204 1994 284 2049 solet
302 1997 335 2049 ot
351 1993 563 2060 imaginarum.
592 2009 642 2061 per
660 1992 714 2046 hoc
730 1991 840 2044 ‘insana
857 1991 911 2044 est’
933 1991 982 2060 (ob
996 1991 1216 2060 postulationem
1231 2000 1320 2047 suarnl

150 2087 229 2152 poeta
247 2084 407 2149 stabiliens,
427 2100 478 2137 cur
494 2082 668 2152 propinquos
688 2081 871 2146 inuocauerit,
891 2081 974 2134 simul
994 2080 1069 2135 illius
1088 2081 1221 2136 indiciam
1241 2084 1322 2137 addit

148 2170 211 2239 boe,
233 2173 308 2240 qnod
334 2173 460 2225 Ameana
484 2170 518 2224 de
540 2168 625 2225 faciei
649 2186 717 2224 suae
741 2169 878 2238 qualitate
902 2170 985 2225 foeda
1007 2171 1151 2225 consulere
1175 2172 1320 2241 speculum

149 2277 198 2314 noa
216 2261 315 2315 soleat.
350 2260 425 2315 hanc
444 2259 519 2314 enim
538 2276 599 2313 esse
619 2258 675 2313 loci
692 2259 814 2329 turpiter
828 2259 953 2328 corrupti
968 2258 1151 2318 sententiam.
1170 2263 1250 2328 quasi
1270 2281 1321 2331 per

148 2348 274 2403 nebulam
297 2352 354 2403 iam
378 2348 447 2403 olim
466 2347 621 2402 Beroaldus
645 2351 675 2402 et
693 2349 817 2402 Muretus
840 2348 945 2417 aliique
968 2348 1169 2402 intellexerunt
1192 2350 1319 2405 recorda-

150 2437 222 2492 tione
240 2437 379 2513 looonrm,
399 2438 497 2507 quales
516 2441 582 2492 sunt
600 2437 691 2490 Plaut.
712 2437 792 2492 Most.
813 2436 824 2489 1
844 2443 869 2501 3,
889 2443 923 2490 95
941 2439 1039 2493 matter
1058 2455 1319 2508 quociescumque

149 2532 256 2581 dm
278 2529 397 2596 sparsit,
420 2528 529 2596 speculo
551 2527 576 2580 ei
599 2540 666 2580 asae
689 2531 728 2579 est
751 2529 780 2578 et
802 2527 884 2579 Mart.
904 2525 997 2590 1141,
1017 2532 1033 2580 8
1056 2544 1142 2596 quare
1165 2529 1189 2581 ai
1211 2531 1318 2597 specula

150 2617 260 2685 ιῦιίφκ
282 2617 370 2671 credis
394 2615 518 2683 (lillisius
540 2631 581 2684 cp.
607 2613 693 2669 ctiam
715 2612 972 2683 Alciph.133‚4,
996 2615 1079 2670 Anth.
1105 2617 1162 2669 Pal
1185 2617 1222 2670 XI
1246 2623 1317 2687 266).

149 2705 193 2758 sed
215 2704 319 2758 nudum
344 2705 414 2759 illud
436 2704 654 2773 ‘imaginarum'
683 2705 765 2771 (quae
789 2720 843 2757 uox
867 2706 1013 2772 praeterea
1038 2721 1091 2758 non
1117 2706 1230 2775 legitur)
1255 2725 1316 2760 cum

150 2793 257 2848 minime
274 2794 366 2863 possit
380 2794 504 2848 indicare
519 2791 672 2862 speculum,
688 2792 722 2845 de
736 2791 979 2862 interpretationis
994 2793 1070 2847 illias
1085 2813 1133 2863 per
1149 2814 1177 2847 se
1192 2797 1317 2852 omnium

149 2882 303 2949 aptissimae
323 2881 377 2935 lide
397 2883 566 2936 dubitabant
591 2886 620 2935 et
640 2881 835 2951 ‘imaginosus'
863 2884 908 2950 (cf.
932 2884 1118 2952 timaginari')
1138 2886 1318 2955 explicabant

150 2970 207 3037 ‘qui
225 2975 318 3025 mente
337 2971 392 3025 sibi
411 2972 491 3040 fingit
515 2972 542 3025 id
564 2972 637 3040 qnod
663 2989 790 3024 aretum
811 2973 929 3025 ueritate
949 2973 1108 3040 abhorret’,
1127 2976 1317 3041 φανταστικός

150 3059 190 3121 (ei.
208 3061 316 3115 Petron.
337 3066 371 3115 38
393 3062 558 3129 phantasia,
583 3078 639 3114 rzoa
663 3061 758 3126 trama).
798 3061 940 3115 coniecere
964 3062 1052 3129 igitur
1076 3065 1118 3129 (ut
1141 3064 1251 3117 mittam
1275 3066 1314 3118 in·

150 3149 296 3210 eredibilia)
313 3149 479 3218 Daeringins
495 3149 589 3204 ‘soletz
606 3167 639 3203 en
655 3149 853 3217 imaginosam'
871 3150 927 3216 (uel
942 3150 1026 3204 ‘solet
1041 3152 1109 3204 haec
1124 3152 1314 3221 imaginosa’),

151 3254 224 3306 porro
242 3258 267 3293 u.
289 3245 304 3293 't
325 3240 455 3307 ‘rogate’
477 3257 509 3293 ex
529 3238 608 3292 libris
628 3239 805 3307 interpolatis
830 3242 1001 3292 arcessentes
1022 3239 1160 3309 Hanptiue
1182 3242 1246 3295 ‘sit:
1271 3260 1313 3295 so·

152 3328 199 3381 aa
217 3331 258 3382 at
278 3328 462 3396 imaginosa’,
488 3328 643 3382 Pleitnerns
664 3327 785 3381 ‘stolida
808 3333 891 3397 atque
916 3328 1127 3396 inraginosast’,
1152 3330 1314 3385 Schwabius

151 3415 233 3472 ‘solet
255 3435 317 3473 esse
344 3418 526 3487 imaginosa’.
571 3417 641 3471 nihil
670 3417 733 3470 dico
761 3418 795 3470 de
824 3417 899 3472 illius
927 3419 1040 3485 ‘rogate
1067 3422 1195 3487 (rogare)
1223 3420 1313 3488 qualis

150 3503 197 3557 sit'
224 3506 251 3559 iu
280 3507 332 3561 hac
360 3507 469 3561 ratione
497 3507 636 3576 superflua
665 3506 838 3560 abnndantia
866 3510 895 3560 ct
922 3508 1070 3576 languore:
1104 3509 1171 3561 artis
1200 3510 1314 3563 criticae

150 3598 292 3664 praecepta
309 3597 391 3650 fidem
412 3613 514 3666 negare
539 3613 589 3650 nos
613 3595 712 3649 iubent
736 3579 875 3650 einsmridi
899 3597 1042 3665 periculis,
1066 3613 1137 3665 qrrae
1162 3613 1216 3649 non
1241 3597 1314 3650 intra

149 3700 205 3737 suos
222 3688 290 3738 lines
307 3684 442 3738 cohibent
466 3683 633 3749 remedium,
658 3684 708 3736 scd
728 3685 821 3739 uarios
846 3686 921 3738 locos
946 3686 1026 3738 simul
1048 3688 1209 3741 attrectant.
1248 3705 1312 3741 uero

151 3771 333 3828 l'soeblichius
354 3773 404 3826 ‘ct'
426 3771 456 3826 in
475 3773 536 3826 ‘es’
559 3773 617 3826 sine
638 3774 717 3825 ‘aas'
741 3774 874 3827 niutauit:
898 3773 968 3828 Plin.
990 3775 1015 3829 h.
1036 3793 1061 3828 n.
1082 3774 1195 3828 xxxin
1216 3783 1241 3843 9,
1262 3782 1313 3829 130

150 3869 176 3915 st
190 3865 281 3917 anaia
299 3864 332 3917 de
350 3863 465 3931 speculis
480 3868 654 3931 perapaatar
672 3864 703 3915 ia
721 3864 770 3916 trac
789 3863 858 3927 loca,
882 3865 986 3930 optima
1004 3866 1081 3933 apud
1099 3867 1215 3919 araiorea
1234 3872 1312 3919 eruat

151 3950 325 4007 madmena.
362 3957 461 4022 stayrw
483 3958 507 4006 a
526 3969 587 4006 aere
605 3953 699 4004 aa'ra'r
717 3952 844 4019 praelata
867 3958 931 4004 auat
955 3960 1097 4022 arqeatra:
1120 3956 1226 4020 primas
1249 3957 1312 4018 fea't

149 4040 269 4095 asarela
293 4041 395 4110 Mapai
420 4041 533 4110 Pompei
556 4046 650 4095 aetate.
691 4040 794 4094 t'atulli
821 4042 908 4110 igitur
931 4045 1069 4110 tempore,
1094 4043 1257 4111 praesertim
1283 4045 1310 4096 in

148 4131 297 4197 prouincia,
318 4131 521 4199 praeualebant
540 4130 631 4183 adhuc
650 4131 764 4198 sperula
783 4131 890 4183 ahenea
905 4134 981 4199 (apte
997 4130 1109 4184 Ellisius
1124 4150 1166 4199 cp.
1182 4132 1310 4199 Aeschyl.

147 4218 176 4271 tr.
189 4225 240 4274 884
257 4217 417 4284 κάτοπτρον
436 4221 530 4280 eidone
551 4217 652 4287 χαλκός
675 4215 741 4285 (στ’,
758 4218 834 4280 οἶνος
853 4217 884 4272 δὲ
905 4220 970 4285 νοῦ,
991 4220 1075 4272 anth.
1092 4219 1150 4272 Pal.
1168 4219 1203 4274 Vl
1218 4227 1309 4287 211,4

145 4310 173 4362 τὸ
190 4306 310 4377 peitatis
333 4303 360 4361 τ’
382 4305 529 4375 ἕςοπτρον,
554 4307 617 4364 cta.
640 4310 648 4362 1
669 4312 794 4376 61-60).
834 4308 926 4377 lepido
950 4311 1042 4361 autern
1067 4325 1118 4361 aec
1142 4309 1309 4364 abhorrente

145 4399 251 4470 linguae
275 4398 359 4466 genio
381 4398 523 4466 speculum
548 4397 578 4452 C.
602 4399 716 4451 uocauit
740 4399 802 4451 ‘aes
827 4398 1040 4466 imaginosurn',
1060 4398 1087 4451 h.
1107 4415 1130 4452 c.
1155 4397 1309 4468 imaginum
