2940 4912
144 281 187 350 70
439 281 592 338 clanaei
611 279 662 335 AD
682 279 898 338 CORNELIUM
915 283 1012 338 ‘1—10.

144 445 255 516 proprie
270 444 481 511 Romanorum',
500 445 532 497 ut
550 460 605 498 non
626 443 684 497 sinc
704 441 835 512 superbia
852 443 938 511 poeta
955 439 1170 510 Transpadanos
1188 459 1254 496 suos
1274 458 1318 496 ce·

144 534 242 589 lebret.
260 565 291 572 -
309 533 337 590 1.
356 531 470 600 doctis,
485 531 620 603 Iupiter,
636 532 668 586 et
680 530 855 586 laboriosi&
874 529 1041 584 exclamatio
1057 530 1185 600 ‘Iupiter'
1203 533 1318 599 (utram-

145 640 199 693 que
222 623 342 676 formam
366 620 504 691 ‘Iupiter'
529 620 668 691 producta
690 620 782 690 prima
803 618 971 674 naturaliter
994 619 1080 689 longa
1104 622 1134 674 et
1160 620 1316 690 ‘lrippiter’

145 704 252 778 eaddm,
272 711 329 765 iarn
348 711 409 765 sols
425 709 565 780 positione
581 710 674 780 longa,
694 712 824 779 correpta
838 709 956 779 probam
973 710 1051 779 puts)
1066 709 1146 764 uaria
1162 727 1212 780 pro
1231 711 1319 765 cuius·

146 820 199 872 que
217 802 273 855 loci
292 803 394 856 natura
412 799 570 870 exprimens
586 799 633 853 hic
647 800 772 854 declarat
786 797 1014 866 admirationem,
1034 815 1090 867 qua
1104 798 1223 868 suspicit
1237 801 1321 868 poeta

146 892 239 962 operis
267 893 296 946 et
323 890 493 956 doctrinam,
520 905 592 958 quae
619 889 673 943 nisi
701 905 810 943 summa
838 891 881 943 est
907 905 962 943 non
987 890 1083 958 potest
1104 887 1135 942 in
1157 889 1217 942 tam
1239 888 1320 943 breui

148 980 356 1036 enumeratione
374 995 504 1050 separare
518 978 716 1033 memorabilia
729 980 759 1033 et
776 978 924 1048 superflua,
943 981 973 1033 et
991 977 1117 1032 laborem
1130 977 1160 1032 iu
1174 978 1321 1033 soluendis

148 1069 268 1124 maxime
283 1069 465 1139 plurimorum
480 1069 626 1123 auctorum
640 1067 721 1122 libris
735 1068 868 1138 positum.
897 1067 1016 1122 audiunt
1034 1065 1108 1121 enim
1123 1068 1217 1121 cartae
1233 1066 1321 1122 ‘labo-

148 1159 238 1214 riosae
262 1156 307 1228 (ci.
333 1159 415 1213 Mart.
434 1157 472 1212 XI
498 1165 562 1226 e,3
586 1174 668 1212 uersu
691 1158 836 1224 laborioso)
865 1158 1014 1226 propterea
1040 1156 1115 1225 quod
1138 1173 1209 1226 opus
1231 1157 1321 1212 multo

150 1249 245 1303 labore
261 1257 304 1302 est
317 1248 490 1315 contectum3
505 1264 650 1317 nugasque
665 1246 794 1301 uendidit
803 1244 910 1301 Gellius
921 1245 970 1316 [IX
982 1245 1027 1316 12]
1039 1245 1162 1301 scribens
1177 1246 1206 1301 0.
1217 1245 1323 1301 Caluus

150 1340 182 1392 iu
196 1339 331 1407 poematis
351 1337 525 1392 ‘laboriosus’
546 1337 623 1402 dicit,
643 1352 700 1390 nou
718 1341 749 1390 ut
767 1337 850 1405 uulqo
865 1337 969 1390 dicitur
989 1336 1048 1404 ‘qur‘
1066 1335 1197 1403 laborat',
1214 1337 1260 1389 sed
1279 1337 1323 1390 ‘iu

150 1444 203 1496 quo
221 1426 391 1480 laboratur’:
412 1425 535 1480 ‘durum'
561 1425 651 1494 iuquit
671 1424 730 1478 ‘rus
752 1426 828 1495 supin
851 1429 876 1478 et
901 1424 1089 1479 laboriosum'.
1127 1424 1257 1479 nimirum
1281 1425 1323 1480 ita

151 1518 194 1571 est
216 1515 457 1585 distinguendum:
481 1514 566 1569 homo
588 1512 746 1568 laboriosus
770 1515 814 1567 cst
836 1513 885 1582 qui
907 1512 1033 1580 laborat,
1057 1529 1101 1567 res
1127 1515 1221 1569 autem
1243 1515 1325 1570 labo-

152 1605 225 1659 riosa
243 1621 290 1670 ea,
309 1603 338 1657 iu
357 1621 413 1672 qua
431 1602 575 1658 laboratur
589 1601 705 1672 (laboris
724 1603 827 1671 plena).
847 1632 880 1641 -
899 1601 974 1673 11,
990 1602 1037 1656 10.
1057 1617 1151 1670 quare
1171 1603 1228 1658 tibi
1247 1603 1325 1659 habe

152 1693 295 1762 quicquid
314 1693 371 1748 lroc
389 1691 490 1746 llbelll
508 1691 726 1759 qualecumque
745 1691 825 1758 quod
843 1692 973 1761 patrona
991 1690 1081 1758 ulrgo
1098 1691 1166 1762 plus
1185 1707 1246 1748 uno
1265 1708 1325 1748 ms·

154 1785 223 1837 neat
242 1795 374 1850 perenne
393 1780 504 1836 saeclo.
533 1779 561 1833 iu
580 1781 730 1834 uerborum
748 1777 831 1834 ualde
851 1781 1044 1848 corruptorum
1062 1780 1144 1836 initio
1163 1781 1228 1837 Itali
1246 1782 1326 1838 resti·

154 1875 267 1927 tuerunt
285 1870 361 1939 quod
379 1870 465 1939 uulgo
485 1871 529 1923 est
543 1871 700 1938 receptum:
720 1869 818 1936 ‘quare
833 1868 905 1922 habe
922 1868 988 1936 tibi,
1007 1867 1141 1938 quicquid
1156 1871 1209 1925 hoc
1227 1871 1327 1940 libelli,

154 1960 379 2030 qualecumque’.
417 1976 487 2028 quae
511 1957 653 2012 restitutio
678 1957 783 2028 duplici
807 1958 918 2013 nomine
942 1960 987 2011 est
1008 1958 1086 2014 falsa.
1124 1977 1191 2014 nem
1215 1977 1278 2015 cum
1298 1960 1328 2016 in

155 2048 283 2105 sollemni
306 2047 441 2116 loquendi
464 2047 597 2112 formula,
620 2064 677 2114 qua
705 2047 828 2115 aliquem
855 2047 928 2101 hauc
955 2046 1070 2102 illamuc
1096 2065 1154 2104 rem
1182 2052 1328 2118 tamquam

154 2139 263 2210 prinam
283 2143 312 2193 at
330 2137 500 2207 peculiarem
520 2135 623 2190 habere
641 2135 779 2190 iubebant
797 2153 907 2204 quaque
924 2135 1009 2190 etiam
1028 2135 1057 2190 iu
1075 2136 1197 2193 diuortio
1211 2140 1329 2195 maritus

127 2228 130 2234 '
156 2229 322 2298 loquebatur
347 2228 384 2281 ad
410 2225 555 2282 mulierem
581 2227 640 2280 ‘res
663 2226 727 2279 tuas
746 2225 800 2279 tibi
819 2224 919 2292 habe’,
939 2228 1031 2280 certus
1055 2245 1119 2281 1111
1142 2245 1329 2298 pronomen

155 2316 390 2389 praeponendi
412 2315 478 2370 iude
503 2333 520 2370 a
542 2314 641 2385 primis
664 2315 839 2385 temporibus
863 2319 938 2381 (nam
962 2315 1010 2384 qui
1029 2315 1121 2371 locum
1141 2317 1234 2373 Plauti
1254 2320 1329 2374 Pers.

157 2410 235 2475 lvr,
253 2415 301 2461 111
322 2407 358 2461 11
378 2407 524 2476 uulgatam
544 2403 749 2460 defendendum
768 2406 922 2472 accersunt,
941 2405 1130 2459 coniecturum
1150 2405 1329 2463 Guietianam

157 2498 279 2568 amplexi
297 2498 362 2551 1111
381 2496 410 2550 11
428 2497 490 2550 1111
510 2495 549 2549 111
569 2494 662 2564 potius
682 2492 847 2563 corrigendo
867 2495 995 2561 tibi-cern
1013 2495 1081 2549 habe
1096 2500 1203 2550 centum
1222 2499 1328 2565 miuus)

156 2605 243 2657 usque
272 2587 308 2641 ad
335 2586 436 2640 ultima
464 2584 509 2654 (cf.
535 2603 576 2640 ex.
600 2603 641 2654 gr.
666 2583 770 2653 Symm.
794 2583 823 2635 iu
845 2583 907 2637 Vel.
933 2583 944 2636 1
968 2588 984 2638 9
1013 2585 1065 2638 tibi
1091 2584 1171 2650 tube,
1199 2592 1330 2653 astratus,

157 2679 308 2745 redemptae
325 2692 404 2743 saepe
422 2675 570 2740 centurias)
586 2690 695 2742 semper
709 2672 862 2741 optinuerit
876 2688 988 2728 causam
1004 2671 1039 2726 ob
1055 2674 1232 2744 perspicuam
1251 2679 1330 2746 (nam

157 2763 338 2835 proprietatis
355 2751 434 2816 notio
454 2762 609 2831 postposito
629 2761 793 2830 pronomine
813 2760 957 2815 euanescit
975 2762 1004 2816 11
1022 2760 1177 2830 dilabitur),
1198 2763 1330 2821 friuolum

157 2857 200 2910 est
222 2856 334 2922 poetam
359 2852 394 2904 ab
418 2851 472 2905 hoc
495 2854 571 2905 certo
595 2870 646 2904 usu
670 2851 846 2904 recedentem
873 2849 963 2904 secere
987 2867 1020 2905 cx
1044 2851 1214 2908 coniectura.
1256 2856 1330 2910 uude

157 2942 293 2997 traditum
319 2941 418 3008 ‘quare
442 2939 495 2994 tibi
518 2939 607 2993 habe'
638 2939 678 2993 sic
701 2939 768 2993 olim
792 2940 946 2993 sanandum
971 2940 1069 3009 putaui
1093 2936 1330 2999 utrescribcrem

160 3034 260 3100 ‘quare
280 3037 310 3085 tu
329 3030 381 3085 tibi
400 3029 503 3083 habe’:
529 3029 557 3082 iu
576 3046 631 3098 quo
651 3047 734 3098 quam
759 3029 936 3099 praeclarum
959 3029 997 3084 111
1019 3032 1048 3084 11
1070 3029 1100 3083 11
1118 3032 1197 3102 gram
1215 3034 1331 3102 plenum

160 3121 229 3176 illud
250 3119 322 3186 ‘tu',
342 3117 424 3173 facile
444 3117 623 3187 persentiscis
646 3118 793 3186 (1113).
833 3118 902 3172 11111
924 3119 1022 3187 poeta:
1043 3120 1133 3188 ‘quod
1155 3138 1219 3175 cum
1241 3122 1283 3178 ita
1302 3143 1331 3180 se

159 3211 264 3265 habeat
288 3209 333 3277 (sle
361 3209 477 3276 ‘quare’
506 3225 615 3277 semper
640 3208 699 3262 fere
724 3208 903 3262 consecutiue
929 3208 1004 3277 apud
1031 3207 1090 3266 Cat.
1117 3211 1208 3280 posito
1234 3212 1269 3268 cl.
1296 3214 1333 3268 ad

160 3297 275 3354 LXXVI
296 3301 351 3366 10),
371 3301 415 3364 tu,
435 3300 534 3366 utpote
561 3300 620 3351 tam
643 3296 789 3352 beniuolus
815 3298 913 3351 harum
932 3316 1069 3368 nugarum
1088 3299 1185 3367 iudex,
1204 3299 1333 3356 libellum

160 3392 257 3446 datum
276 3387 410 3442 donatum
435 3387 594 3441 dedicatum
619 3386 741 3456 accipias
764 3387 960 3456 propriumque
984 3387 1113 3442 habeas’.
1150 3406 1207 3444 non
1225 3389 1333 3447 minore

160 3479 326 3534 difficultate
347 3477 475 3531 laborant
499 3474 585 3530 uerba
607 3476 742 3544 proxima.
782 3493 846 3530 nam
870 3476 1006 3545 quidquid
1025 3478 1157 3547 opposuit
1174 3479 1333 3548 nuperrime

161 3567 287 3622 Suessius
314 3565 428 3637 [Catull.
452 3583 478 3635 p.
497 3572 528 3618 13
543 3565 609 3636 sq.],
639 3582 694 3619 non
723 3567 815 3634 potest
840 3566 909 3620 haec
933 3583 983 3635 per
1007 3566 1163 3635 asyndeton
1190 3567 1334 3637 copulatio

162 3655 323 3725 ‘quicquid
351 3653 570 3723 qualecumque’
601 3655 714 3708 defendi
742 3671 775 3708 ex
804 3655 845 3708 eis
873 3672 944 3724 quae
973 3656 1143 3711 disserentur
1170 3657 1270 3726 postea
1297 3659 1335 3714 ad

162 3744 247 3798 XLVI
269 3751 308 3798 11.
347 3745 513 3813 copulantur
531 3744 601 3798 haec
619 3743 758 3798 interdum
783 3744 951 3798 disiunctiuc
970 3746 1062 3815 (Prop.
1083 3745 1108 3797 ll
1129 3752 1153 3813 1,
1174 3749 1217 3814 lt)
1237 3747 1334 3803 autin

161 3834 277 3903 singulis
300 3833 439 3887 enuntiati
466 3833 597 3888 membris
621 3833 772 3888 uausndae
797 3832 932 3888 orationis
956 3834 1048 3903 grstia
1071 3835 1225 3906 (Sulpiciae
1248 3836 1283 3890 el.
1307 3845 1335 3906 2,

164 3928 281 3989 17-193
300 3928 326 3990 4,
345 3925 386 3990 7),
406 3923 572 3991 copulantur
591 3923 676 3977 etiam
701 3941 751 3993 per
770 3924 828 3977 ‘et’
850 3923 880 3976 in
902 3926 1034 3978 accurata
1056 3924 1237 3981 distinctione
1257 3925 1334 3995 (Tac.

162 4031 224 4067 111.
245 4011 308 4064 XIV
327 4018 361 4064 bb
379 4012 515 4080 quidquid
533 4013 647 4066 illudet
666 4015 857 4082 qualecumque
876 4014 1026 4080 tribuisset,
1051 4015 1105 4068 hoc
1124 4016 1168 4069 est
1190 4017 1334 4070 1111111-

162 4120 223 4155 rum
243 4104 272 4156 et
285 4117 373 4171 genus
388 4101 543 4169 donorum),
563 4102 636 4156 unde
657 4102 720 4156 Itali
741 4102 867 4156 nonnulli
886 4120 973 4172 praue
993 4103 1037 4156 hic
1055 4103 1234 4158 coniecerunt
1253 4105 1291 4175 ‘q
1306 4106 1334 4163 h.

162 4190 252 4246 libelli
271 4193 300 4245 et
318 4191 544 4260 qualecumque’.
574 4209 629 4259 quo
644 4196 752 4260 autem,
773 4209 890 4261 quaeso,
909 4193 1027 4246 duorum
1042 4210 1260 4262 synonymorum
1274 4194 1335 4250 siue

163 4281 324 4350 asyndetics
338 4280 397 4335 siue
411 4298 462 4350 per
472 4282 601 4350 copulam
613 4282 771 4337 coniunctio
787 4283 897 4351 spectat
910 4298 992 4350 quam
1008 4284 1040 4336 ut
1054 4283 1209 4337 eommunis
1224 4284 1336 4352 utrique

163 4370 240 4424 notio
252 4388 283 4424 er
295 4371 484 4440 duplicatione
495 4373 632 4442 augeatur
642 4372 875 4440 intendaturque?
895 4371 945 4425 tali
959 4374 1054 4426 autem
1070 4372 1153 4427 modo
1166 4373 1337 4429 modestiam
