2940 4912
182 305 248 372 604
701 305 787 361 cxlv
808 314 832 362 1.

182 469 353 538 corruptum.
389 467 521 522 nimirum
539 467 575 522 ad
594 485 690 523 uerum
710 467 863 523 eruendum
882 467 1113 537 proficiscendum
1131 467 1175 521 eat
1192 465 1228 519 ab
1246 463 1357 520 ultimis

181 557 288 624 uerbis,
316 556 345 610 in
368 557 468 626 quibus
494 556 580 613 miror
602 557 743 612 neminem
773 556 1005 611 animaduertisse
1034 555 1162 610 datiuum
1190 555 1355 611 ‘adulterio'

157 662 160 669 ·
180 644 356 701 insolentem.
393 663 462 701 eone
481 664 562 702 usum
581 664 641 702 esse
660 649 772 717 poetam
792 646 953 716 putabimus
972 645 1059 700 solius
1076 644 1159 700 metri
1179 660 1272 712 cansa
1291 661 1355 699 cnm

182 732 345 804 genetiuum
368 735 553 790 necessarium
581 736 610 790 in
634 752 746 792 nemum
769 734 897 805 redigere
921 750 977 789 non
999 735 1096 804 posset
1117 733 1161 803 (ci.
1182 732 1270 787 LXVI
1293 736 1357 801 3⁶)?

182 822 295 878 initium
313 822 446 880 adulterii
465 828 527 880 erat
549 825 640 893 ferax,
665 841 699 880 ex
718 825 771 879 hoc
794 823 946 894 primordio
964 823 1044 892 large
1062 821 1183 877 subnata
1199 828 1244 877 est
1264 838 1356 892 seges;

182 911 302 982 Vulpius
321 929 365 982 cp.
384 913 474 968 Plant
489 913 581 968 trinl
602 920 626 981 1,
645 919 662 968 8
680 929 767 968 mores
784 914 852 967 mcii
868 913 949 982 quaa
965 912 1050 966 tatu
1066 912 1182 981 istriam
1198 912 1359 967 sudorem

182 1001 330 1068 uberrime,
352 1002 419 1057 Hor.
439 1002 483 1057 od.
502 1002 592 1071 1116,
613 1009 655 1058 17.
691 1002 757 1057 hinc
776 1000 844 1056 ortis
866 1000 950 1056 facile
968 1000 1037 1055 licet
1054 1000 1214 1067 restituere,
1233 1001 1310 1070 qnod
1329 1003 1358 1055 et

182 1089 352 1145 obscuritate
370 1095 466 1147 careat
484 1094 514 1146 et
530 1093 610 1147 recta
627 1091 713 1146 uerba
727 1090 862 1161 praebeat
875 1089 937 1144 ‘sed
956 1091 1105 1144 creuerunt
1117 1088 1196 1144 milia
1210 1088 1240 1143 in
1255 1089 1357 1144 horum

182 1177 295 1248 singule
309 1179 470 1248 (fecundum
485 1186 603 1248 esmant)
619 1180 783 1248 adulterio‘;
800 1179 857 1234 iam
871 1180 967 1233 autem
981 1177 1017 1232 ad
1033 1176 1135 1233 ‘milia’
1152 1179 1229 1232 recte
1242 1178 1357 1246 supple·

182 1266 275 1321 bimus
295 1267 529 1324 ‘adulteriorum’.
550 1299 582 1309 -
608 1271 731 1324 ceterum
755 1286 803 1323 cur
821 1269 907 1337 poeta
932 1268 986 1321 hoc
1009 1265 1258 1336 epigrammatica,
1282 1267 1357 1335 qnod

183 1355 292 1411 Muciae
311 1358 437 1426 exemplo
461 1374 636 1413 communem
660 1360 720 1412 tum
740 1357 846 1411 Romae
869 1355 1100 1426 depracationem
1118 1371 1227 1411 morum
1245 1353 1359 1410 uidetur

183 1443 385 1515 perstringere,
404 1445 441 1501 ad
460 1446 577 1502 Cinnam
595 1446 772 1516 potissimum
791 1444 901 1501 dederit
918 1443 1049 1500 nescitur.

712 1601 828 1659 cmv.

255 1711 283 1766 1.
302 1711 461 1770 Plrmanne
480 1714 577 1772 saltus
596 1728 656 1771 non
675 1715 768 1787 falso,
788 1714 938 1785 Mentula,
958 1712 1044 1768 dines
1063 1712 1174 1767 lertm.
1202 1712 1243 1767 sic
1262 1712 1357 1767 Auen·

182 1800 239 1857 tius
256 1818 307 1871 pro
326 1801 431 1859 tradito
454 1803 484 1858 in
503 1804 526 1860 V
547 1803 654 1859 ‘saluis'
675 1804 800 1873 scripsit,
825 1803 878 1857 ‘tu'
899 1819 949 1872 pro
970 1800 1021 1856 ‘ui’
1042 1816 1178 1870 reponens
1200 1800 1281 1855 nulla
1299 1801 1356 1855 iere

183 1907 247 1945 eum
266 1890 430 1948 mutatione.
469 1893 544 1962 qnod
562 1892 611 1962 qui
629 1909 757 1962 spreuere
777 1890 875 1946 ‘saltu'
895 1907 960 1945 cum
973 1888 1054 1944 Italis
1073 1890 1211 1959 legentes,
1231 1887 1258 1942 ei
1277 1904 1356 1958 prae·

182 1982 261 2035 teres
280 1979 433 2036 ‘Firmano’
455 1998 519 2036 eum
536 1980 641 2039 Ald'ma
659 1997 684 2037 a.
702 1987 770 2036 1602
790 1980 935 2050 corrigunt
953 1980 1053 2034 contra
1070 1979 1168 2033 ertem.
1197 1975 1281 2032 mitto
1301 1977 1359 2032 alia

183 2071 355 2136 commenta,
382 2073 415 2125 ut
436 2068 540 2124 Mureti
564 2070 723 2125 ‘Formiano
748 2069 834 2125 saltu'
864 2067 1011 2138 (Scaligeri
1036 2067 1212 2123 ‘Formianos
1234 2065 1357 2134 saltns’).

183 2158 303 2226 apparet
320 2158 409 2228 enim,
430 2159 580 2215 ‘Mentula'
607 2159 768 2214 uocatiuum
792 2159 822 2213 in
840 2158 1045 2215 nominatiuum
1067 2155 1226 2210 inmutandi
1248 2153 1357 2210 nnllam

184 2244 282 2300 edesse
301 2263 426 2302 causam:
446 2250 478 2303 ιιι
495 2248 577 2315 alibi,
596 2249 690 2318 ipsum
708 2247 901 2303 aduersarium
920 2265 999 2301 sunm
1018 2245 1065 2314 (ad
1079 2242 1176 2312 XCIV)
1195 2241 1359 2311 adloquitur

183 2335 275 2402 poeta.
313 2338 342 2390 et
360 2337 436 2406 quod
456 2337 642 2393 ‘dormianus’
665 2337 844 2392 correxerunt
857 2336 1027 2391 Mamurram
1043 2337 1077 2389 nt
1093 2334 1269 2388 decoctorem
1288 2331 1357 2386 For-

182 2423 306 2478 mianum
325 2423 397 2492 (XLI
416 2428 444 2495 4)
463 2426 555 2483 notari
573 2427 733 2497 opinantes:
752 2443 842 2496 neque
860 2429 980 2480 metrum
998 2423 1052 2479 hoo
1071 2421 1213 2493 permittit
1230 2419 1357 2491 (Schwa-

182 2512 245 2568 bius
264 2531 290 2582 q.
311 2512 340 2569 C.
364 2533 390 2584 p.
412 2517 475 2583 229)
500 2532 590 2585 neque
612 2533 680 2572 uero
706 2515 776 2571 satie
798 2515 901 2570 idonea
923 2514 1006 2568 adest
1027 2528 1118 2567 causa.
1154 2527 1222 2564 uam
1246 2526 1298 2564 nec
1317 2509 1358 2566 sis

184 2602 301 2672 accedo,
326 2602 376 2671 qui
399 2607 431 2659 ut
449 2603 619 2660 Mamurram
644 2606 673 2660 in
697 2605 864 2673 Mantuam,
888 2603 927 2658 sic
944 2600 1124 2659 Formianum
1147 2601 1177 2654 in
1194 2599 1358 2654 Firmanum

182 2689 287 2746 leniter
304 2692 533 2749 transformatum
553 2711 614 2749 esse
632 2712 650 2749 a
670 2697 755 2764 poeta
772 2697 881 2765 putant.
915 2692 988 2762 qnod
1008 2693 1157 2761 propterea
1175 2693 1219 2744 est
1236 2688 1357 2743 incredi-

184 2778 255 2845 bile,
274 2780 350 2848 quod
370 2781 538 2837 ‘Firmanus’
555 2799 652 2837 uerum
671 2786 733 2838 erat
746 2798 860 2850 nomen,
878 2779 953 2836 unde
972 2777 1046 2834 idem
1064 2795 1167 2833 nomen
1181 2778 1278 2833 lictum
1297 2794 1359 2833 esse

184 2866 289 2938 nequit.
332 2869 475 2941 Scaligoro
504 2877 597 2927 autem
626 2872 666 2927 sic
692 2871 848 2942 disputanti
877 2871 951 2925 ‘cum
979 2868 1091 2923 constet
1111 2866 1231 2923 Formiis
1259 2869 1357 2922 natum

184 2959 368 3027 Mamurram,
392 2978 441 3016 our
463 2961 541 3017 aliud
567 2962 609 3016 illi
632 2961 778 3031 praedium
801 2964 851 3015 aut
875 2959 977 3014 saltum
1002 2955 1131 3012 dabimus
1152 2957 1185 3010 st
1209 2974 1290 3011 suum
1315 2956 1358 3011 illi

185 3049 355 3104 auferemus'
375 3051 429 3107 hoc
448 3055 491 3105 est
513 3049 752 3120 respondendum,
780 3047 949 3120 paucissima
971 3062 1022 3101 nos
1047 3042 1118 3100 scire
1140 3044 1175 3100 de
1198 3043 1358 3100 Mamurrae

186 3137 281 3206 rebus,
307 3138 379 3194 unde
408 3140 497 3193 tutius
523 3141 560 3194 sit
583 3139 712 3193 insistere
735 3138 852 3193 tirmiter
876 3136 916 3191 eis
940 3151 1012 3205 quac
1035 3133 1145 3188 codices
1167 3133 1358 3203 suppeditant,

185 3243 249 3281 cum
263 3228 427 3296 praesertim
440 3228 549 3283 ratione
564 3245 620 3283 non
634 3230 755 3282 careant.
779 3226 930 3281 secundum
946 3241 1015 3293 quos
1030 3220 1155 3277 Mentula
1168 3221 1265 3286 Firmi,
1280 3225 1357 3290 quod

185 3319 229 3369 est
251 3316 386 3385 oppidum
410 3317 505 3370 Piceni
529 3332 584 3370 non
608 3317 704 3384 procul
733 3315 769 3370 ab
792 3318 908 3370 Ancona
931 3312 1075 3370 meridiem
1097 3325 1207 3376 uersus,
1230 3311 1358 3378 possedit

185 3404 288 3459 saltum
308 3421 426 3474 eumque
446 3406 627 3473 ditissimum
652 3406 701 3461 sed
720 3422 755 3460 ne
774 3406 855 3460 huius
874 3403 986 3473 quidem
1006 3399 1110 3456 reditus
1129 3398 1198 3453 satis
1215 3401 1297 3454 erant
1315 3398 1357 3453 in-

184 3512 268 3549 sanae
292 3493 435 3549 Mentulae
459 3496 594 3552 luxuriae.
639 3499 683 3551 est
705 3495 780 3550 enim
805 3495 917 3549 ‘saltus’
943 3495 1085 3547 inmensae
1109 3503 1192 3558 quam
1215 3487 1357 3558 possessio

184 3583 236 3638 illa
258 3585 357 3638 habuit
380 3601 524 3639 mensurae
549 3584 723 3655 designatio:
747 3585 825 3639 Varr.
845 3584 871 3638 d.
891 3601 915 3637 r.
932 3601 953 3638 r.
973 3581 986 3634 1
1010 3586 1043 3635 10
1065 3584 1196 3648 quattuor
1218 3581 1358 3633 emesam

187 3676 357 3738 cmsianctce,
371 3680 402 3729 set
416 3675 472 3728 siat
486 3675 517 3728 iss
531 3681 675 3745 utramque
690 3680 799 3744 partem
813 3675 902 3737 dinae,
920 3671 1096 3740 appellantur
1113 3668 1145 3720 iss
1163 3669 1240 3735 agris
1257 3669 1359 3723 diuisis

185 3763 294 3816 uiritim
308 3764 419 3831 publice
439 3764 547 3818 ‘saltus'
570 3765 615 3832 (ci.
631 3763 792 3818 HNissenus
810 3761 875 3816 libri
892 3761 953 3814 ‘dae
966 3755 1123 3826 Templum'
1145 3775 1172 3824 p.
1189 3757 1247 3816 m:
1267 3752 1357 3810 DCCC

184 3851 282 3920 iugera
300 3851 349 3920 qui
368 3852 444 3906 solus
463 3854 588 3922 possedit
606 3857 751 3922 tamquam
770 3852 842 3906 alter
861 3853 922 3904 erat
940 3848 1065 3901 Croesus.
1103 3844 1173 3899 bene
1192 3842 1291 3897 Munro
1311 3862 1355 3914 cp.

185 3945 304 4009 gromat.
324 3945 379 3996 uct.
398 3943 411 3996 l
431 3960 457 4011 p.
477 3948 530 3997 226
549 3941 577 3996 L.
602 3959 666 4011 eger
685 3941 784 3996 Finno
805 3940 907 3993 Piceno
931 3935 1064 3992 limitibus
1082 3933 1306 3988 susurratione
1324 3935 1357 3987 s'ss

185 4031 316 4083 emturiia
339 4035 377 4085 eet
398 4048 448 4099 per
470 4033 566 4101 iugera
589 4033 694 4086 ducem
717 4030 891 4098 adsignatus:
914 4026 1034 4079 fortasse
1049 4014 1184 4075 'escuris
1209 4021 1297 4075 nimia
1316 4020 1357 4076 in·

185 4117 332 4188 dulgentia
351 4120 492 4174 Mamurra
510 4120 713 4189 possessionem
740 4118 816 4171 illam
842 4129 930 4185 paene
949 4111 1056 4180 regiam
1079 4116 1235 4178 acceperat
1274 4109 1309 4164 ei.
1329 4114 1359 4165 et

187 4206 259 4262 Plin.
287 4223 351 4277 pan.
380 4215 415 4261 oo
442 4226 499 4263 aon
526 4211 598 4264 enim
625 4209 778 4263 exturbatis
801 4204 944 4275 prioribus
970 4200 1089 4255 dominis
1115 4214 1193 4252 osane
1217 4203 1359 4267 stagnans,

186 4314 290 4352 curnem
308 4298 411 4362 laeam,
430 4314 531 4352 masmar
550 4300 632 4352 etium
650 4298 751 4351 saltam
764 4297 886 4350 semesa
900 4289 1067 4360 possessione
1085 4288 1280 4352 circscmuem'ss
1300 4287 1356 4341 ΜΙ-

187 4388 247 4440 tum
270 4402 321 4457 pro
344 4403 448 4456 magna
470 4386 644 4456 possessione
669 4384 764 4455 posuit
786 4382 871 4439 etiam
895 4381 987 4434 luuen.
1008 4381 1032 4446 7,
1054 4380 1112 4429 189.
1148 4373 1203 4430 hos
1226 4378 1357 4432 notatum
