<?xml version="1.0" encoding="UTF-8"?>
<!DOCTYPE html PUBLIC "-//W3C//DTD XHTML 1.0 Transitional//EN"
    "http://www.w3.org/TR/xhtml1/DTD/xhtml1-transitional.dtd">
<html xmlns="http://www.w3.org/1999/xhtml" xml:lang="en" lang="en">
 <head>
  <title>
</title>
<meta http-equiv="Content-Type" content="text/html;charset=utf-8" />
  <meta name='ocr-system' content='tesseract 3.04.00' />
  <meta name='ocr-capabilities' content='ocr_page ocr_carea ocr_par ocr_line ocrx_word'/>
</head>
<body>
  <div class='ocr_page' id='page_1' title='image "./catulliveronens00baehgoog_0194.png"; bbox 0 0 2940 4912; ppageno 0'>
   <div class='ocr_carea' id='block_1_1' title="bbox 634 334 1317 399">
    <p class='ocr_par' dir='ltr' id='par_1_1' title="bbox 634 334 1317 399">
     <span class='ocr_line' id='line_1_1' title="bbox 634 334 1317 399; baseline -0.001 -9"><span class='ocrx_word' id='word_1_1' title='bbox 634 334 710 390; x_wconf 86' lang='lat' dir='ltr'>XXV</span> <span class='ocrx_word' id='word_1_2' title='bbox 729 340 826 391; x_wconf 83' lang='grc'><strong>0-11.</strong></span> <span class='ocrx_word' id='word_1_3' title='bbox 1256 334 1317 399; x_wconf 78' lang='grc'>171</span> 
     </span>
    </p>
   </div>
   <div class='ocr_carea' id='block_1_2' title="bbox 143 496 1322 2092">
    <p class='ocr_par' dir='ltr' id='par_1_2' title="bbox 143 496 1322 2092">
     <span class='ocr_line' id='line_1_2' title="bbox 150 496 1321 570; baseline 0.001 -17"><span class='ocrx_word' id='word_1_4' title='bbox 150 499 407 570; x_wconf 71' lang='lat' dir='ltr'>‘cumgraphonque</span> <span class='ocrx_word' id='word_1_5' title='bbox 425 497 525 553; x_wconf 89' lang='lat' dir='ltr'>linnrn’</span> <span class='ocrx_word' id='word_1_6' title='bbox 550 501 581 552; x_wconf 84' lang='lat' dir='ltr'>et</span> <span class='ocrx_word' id='word_1_7' title='bbox 603 496 778 569; x_wconf 77' lang='lat' dir='ltr'>Scaligerum</span> <span class='ocrx_word' id='word_1_8' title='bbox 798 497 1064 570; x_wconf 78' lang='lat' dir='ltr'>‘chirographoeque</span> <span class='ocrx_word' id='word_1_9' title='bbox 1083 498 1207 568; x_wconf 80' lang='lat' dir='ltr'>Thynos’</span> <span class='ocrx_word' id='word_1_10' title='bbox 1228 499 1321 569; x_wconf 91' lang='lat' dir='ltr'>inpro-</span> 
     </span>
     <span class='ocr_line' id='line_1_3' title="bbox 149 588 1322 659; baseline -0.001 -14"><span class='ocrx_word' id='word_1_11' title='bbox 149 589 278 645; x_wconf 85' lang='lat' dir='ltr'>babiliter</span> <span class='ocrx_word' id='word_1_12' title='bbox 296 589 482 656; x_wconf 82' lang='lat' dir='ltr'>conicientee3</span> <span class='ocrx_word' id='word_1_13' title='bbox 501 590 598 659; x_wconf 87' lang='lat' dir='ltr'>spreta</span> <span class='ocrx_word' id='word_1_14' title='bbox 615 588 689 643; x_wconf 90' lang='lat' dir='ltr'>enim</span> <span class='ocrx_word' id='word_1_15' title='bbox 709 604 806 643; x_wconf 89' lang='lat' dir='ltr'>eorum</span> <span class='ocrx_word' id='word_1_16' title='bbox 820 588 1020 659; x_wconf 79' lang='lat' dir='ltr'>explicatione,</span> <span class='ocrx_word' id='word_1_17' title='bbox 1040 588 1088 658; x_wconf 91' lang='lat' dir='ltr'>qui</span> <span class='ocrx_word' id='word_1_18' title='bbox 1107 590 1142 643; x_wconf 90' lang='lat' dir='ltr'>de</span> <span class='ocrx_word' id='word_1_19' title='bbox 1160 589 1253 644; x_wconf 87' lang='lat' dir='ltr'>anulis</span> <span class='ocrx_word' id='word_1_20' title='bbox 1272 591 1322 645; x_wconf 91' lang='lat' dir='ltr'>ob·</span> 
     </span>
     <span class='ocr_line' id='line_1_4' title="bbox 148 677 1321 750; baseline -0.001 -17"><span class='ocrx_word' id='word_1_21' title='bbox 148 679 308 750; x_wconf 76' lang='lat' dir='ltr'>signatoriie</span> <span class='ocrx_word' id='word_1_22' title='bbox 327 680 490 750; x_wconf 78' lang='lat' dir='ltr'>cogitauere</span> <span class='ocrx_word' id='word_1_23' title='bbox 508 680 590 749; x_wconf 85' lang='lat' dir='ltr'>(qnos</span> <span class='ocrx_word' id='word_1_24' title='bbox 610 677 715 748; x_wconf 92' lang='lat' dir='ltr'>oppido</span> <span class='ocrx_word' id='word_1_25' title='bbox 733 677 910 748; x_wconf 89' lang='lat' dir='ltr'>inprobabilo</span> <span class='ocrx_word' id='word_1_26' title='bbox 933 681 978 734; x_wconf 87' lang='lat' dir='ltr'>eet</span> <span class='ocrx_word' id='word_1_27' title='bbox 998 679 1028 733; x_wconf 90' lang='lat' dir='ltr'>in</span> <span class='ocrx_word' id='word_1_28' title='bbox 1047 679 1187 747; x_wconf 83' lang='lat' dir='ltr'>eympoeio</span> <span class='ocrx_word' id='word_1_29' title='bbox 1206 678 1321 748; x_wconf 88' lang='lat' dir='ltr'>quidem</span> 
     </span>
     <span class='ocr_line' id='line_1_5' title="bbox 148 767 1322 841; baseline -0.002 -17"><span class='ocrx_word' id='word_1_30' title='bbox 148 769 293 840; x_wconf 80' lang='lat' dir='ltr'>subreptos</span> <span class='ocrx_word' id='word_1_31' title='bbox 317 771 401 841; x_wconf 84' lang='lat' dir='ltr'>esee),</span> <span class='ocrx_word' id='word_1_32' title='bbox 429 770 567 839; x_wconf 86' lang='lat' dir='ltr'>exparte</span> <span class='ocrx_word' id='word_1_33' title='bbox 591 785 655 822; x_wconf 92' lang='lat' dir='ltr'>cum</span> <span class='ocrx_word' id='word_1_34' title='bbox 678 768 793 823; x_wconf 90' lang='lat' dir='ltr'>IVoeeio</span> <span class='ocrx_word' id='word_1_35' title='bbox 816 768 901 836; x_wconf 81' lang='lat' dir='ltr'>facio,</span> <span class='ocrx_word' id='word_1_36' title='bbox 928 769 976 836; x_wconf 89' lang='lat' dir='ltr'>qui</span> <span class='ocrx_word' id='word_1_37' title='bbox 1002 767 1144 823; x_wconf 77' lang='lat' dir='ltr'>intellexit</span> <span class='ocrx_word' id='word_1_38' title='bbox 1168 768 1322 838; x_wconf 75' lang='lat' dir='ltr'>pugillares</span> 
     </span>
     <span class='ocr_line' id='line_1_6' title="bbox 145 857 1320 928; baseline -0.002 -14"><span class='ocrx_word' id='word_1_39' title='bbox 145 861 339 914; x_wconf 74' lang='lat' dir='ltr'>membraneos</span> <span class='ocrx_word' id='word_1_40' title='bbox 354 861 434 913; x_wconf 88' lang='lat' dir='ltr'>uario</span> <span class='ocrx_word' id='word_1_41' title='bbox 448 857 541 913; x_wconf 89' lang='lat' dir='ltr'>oolore</span> <span class='ocrx_word' id='word_1_42' title='bbox 555 858 667 912; x_wconf 76' lang='grc'><strong>1100101.</strong></span> <span class='ocrx_word' id='word_1_43' title='bbox 696 872 752 911; x_wconf 92' lang='lat' dir='ltr'>uon</span> <span class='ocrx_word' id='word_1_44' title='bbox 772 874 839 912; x_wconf 89' lang='lat' dir='ltr'>curo</span> <span class='ocrx_word' id='word_1_45' title='bbox 854 857 970 925; x_wconf 81' lang='lat' dir='ltr'>colores,</span> <span class='ocrx_word' id='word_1_46' title='bbox 989 857 1110 928; x_wconf 81' lang='lat' dir='ltr'>respicio</span> <span class='ocrx_word' id='word_1_47' title='bbox 1129 857 1191 912; x_wconf 83' lang='lat' dir='ltr'>sola</span> <span class='ocrx_word' id='word_1_48' title='bbox 1207 857 1320 912; x_wconf 90' lang='lat' dir='ltr'>illorum</span> 
     </span>
     <span class='ocr_line' id='line_1_7' title="bbox 146 945 1322 1020; baseline -0.003 -15"><span class='ocrx_word' id='word_1_49' title='bbox 146 949 277 1020; x_wconf 81' lang='lat' dir='ltr'>opercula</span> <span class='ocrx_word' id='word_1_50' title='bbox 303 964 318 1003; x_wconf 86' lang='lat' dir='ltr'>e</span> <span class='ocrx_word' id='word_1_51' title='bbox 344 948 420 1003; x_wconf 89' lang='lat' dir='ltr'>buxo</span> <span class='ocrx_word' id='word_1_52' title='bbox 446 950 512 1016; x_wconf 90' lang='lat' dir='ltr'>(quo</span> <span class='ocrx_word' id='word_1_53' title='bbox 535 945 638 1002; x_wconf 87' lang='lat' dir='ltr'>nobilis</span> <span class='ocrx_word' id='word_1_54' title='bbox 662 949 724 1001; x_wconf 88' lang='lat' dir='ltr'>erat</span> <span class='ocrx_word' id='word_1_55' title='bbox 746 945 892 1016; x_wconf 80' lang='lat' dir='ltr'>Bithynia:</span> <span class='ocrx_word' id='word_1_56' title='bbox 918 947 954 1002; x_wconf 86' lang='lat' dir='ltr'>ad</span> <span class='ocrx_word' id='word_1_57' title='bbox 978 946 1016 1001; x_wconf 89' lang='lat' dir='ltr'>IV</span> <span class='ocrx_word' id='word_1_58' title='bbox 1037 950 1080 1018; x_wconf 85' lang='grc'>13)</span> <span class='ocrx_word' id='word_1_59' title='bbox 1104 947 1195 1016; x_wconf 82' lang='lat' dir='ltr'>facta,</span> <span class='ocrx_word' id='word_1_60' title='bbox 1221 947 1322 1017; x_wconf 85' lang='lat' dir='ltr'>quibua</span> 
     </span>
     <span class='ocr_line' id='line_1_8' title="bbox 144 1036 1321 1108; baseline -0.003 -14"><span class='ocrx_word' id='word_1_61' title='bbox 144 1039 237 1094; x_wconf 79' lang='lat' dir='ltr'>uariae</span> <span class='ocrx_word' id='word_1_62' title='bbox 262 1039 368 1108; x_wconf 81' lang='lat' dir='ltr'>figurae</span> <span class='ocrx_word' id='word_1_63' title='bbox 389 1037 515 1093; x_wconf 87' lang='lat' dir='ltr'>breuiter</span> <span class='ocrx_word' id='word_1_64' title='bbox 536 1036 693 1092; x_wconf 83' lang='lat' dir='ltr'>delineatae</span> <span class='ocrx_word' id='word_1_65' title='bbox 717 1052 816 1091; x_wconf 90' lang='lat' dir='ltr'>censeo</span> <span class='ocrx_word' id='word_1_66' title='bbox 839 1037 926 1092; x_wconf 85' lang='lat' dir='ltr'>fuisse</span> <span class='ocrx_word' id='word_1_67' title='bbox 949 1036 1115 1107; x_wconf 86' lang='lat' dir='ltr'>insculptae.</span> <span class='ocrx_word' id='word_1_68' title='bbox 1153 1038 1264 1092; x_wconf 87' lang='lat' dir='ltr'>constat</span> <span class='ocrx_word' id='word_1_69' title='bbox 1286 1038 1321 1091; x_wconf 88' lang='lat' dir='ltr'>de</span> 
     </span>
     <span class='ocr_line' id='line_1_9' title="bbox 144 1124 1321 1197; baseline -0.004 -14"><span class='ocrx_word' id='word_1_70' title='bbox 144 1128 187 1183; x_wconf 83' lang='lat' dir='ltr'>hie</span> <span class='ocrx_word' id='word_1_71' title='bbox 204 1127 314 1183; x_wconf 77' lang='lat' dir='ltr'>libellis</span> <span class='ocrx_word' id='word_1_72' title='bbox 333 1126 431 1182; x_wconf 87' lang='lat' dir='ltr'>buxeis</span> <span class='ocrx_word' id='word_1_73' title='bbox 450 1127 543 1197; x_wconf 87' lang='lat' dir='ltr'>(Prop.</span> <span class='ocrx_word' id='word_1_74' title='bbox 562 1124 602 1178; x_wconf 91' lang='grc' dir='ltr'>ΠΙ</span> <span class='ocrx_word' id='word_1_75' title='bbox 621 1131 664 1192; x_wconf 82' lang='grc'><strong>30,</strong></span> <span class='ocrx_word' id='word_1_76' title='bbox 684 1126 728 1194; x_wconf 85' lang='grc'>8);</span> <span class='ocrx_word' id='word_1_77' title='bbox 749 1143 800 1181; x_wconf 87' lang='lat' dir='ltr'>nec</span> <span class='ocrx_word' id='word_1_78' title='bbox 820 1126 973 1196; x_wconf 87' lang='lat' dir='ltr'>quidquam</span> <span class='ocrx_word' id='word_1_79' title='bbox 992 1127 1087 1183; x_wconf 87' lang='lat' dir='ltr'>obstat</span> <span class='ocrx_word' id='word_1_80' title='bbox 1106 1126 1253 1196; x_wconf 88' lang='lat' dir='ltr'>quominus</span> <span class='ocrx_word' id='word_1_81' title='bbox 1273 1142 1321 1181; x_wconf 89' lang='lat' dir='ltr'>eoe</span> 
     </span>
     <span class='ocr_line' id='line_1_10' title="bbox 144 1214 1321 1286; baseline -0.002 -13"><span class='ocrx_word' id='word_1_82' title='bbox 144 1217 259 1273; x_wconf 86' lang='lat' dir='ltr'>uixdum</span> <span class='ocrx_word' id='word_1_83' title='bbox 279 1232 296 1270; x_wconf 90' lang='lat' dir='ltr'>e</span> <span class='ocrx_word' id='word_1_84' title='bbox 315 1215 449 1285; x_wconf 76' lang='lat' dir='ltr'>Bithynia</span> <span class='ocrx_word' id='word_1_85' title='bbox 466 1214 584 1269; x_wconf 87' lang='lat' dir='ltr'>Romam</span> <span class='ocrx_word' id='word_1_86' title='bbox 607 1214 734 1269; x_wconf 80' lang='lat' dir='ltr'>inuentos</span> <span class='ocrx_word' id='word_1_87' title='bbox 751 1215 876 1270; x_wconf 85' lang='lat' dir='ltr'>breuiter</span> <span class='ocrx_word' id='word_1_88' title='bbox 896 1215 1042 1286; x_wconf 77' lang='lat' dir='ltr'>‘&#39;l&#39;hynoe’</span> <span class='ocrx_word' id='word_1_89' title='bbox 1064 1219 1178 1272; x_wconf 83' lang='lat' dir='ltr'>uocatos</span> <span class='ocrx_word' id='word_1_90' title='bbox 1197 1232 1258 1271; x_wconf 87' lang='lat' dir='ltr'>esee</span> <span class='ocrx_word' id='word_1_91' title='bbox 1278 1233 1321 1271; x_wconf 91' lang='lat' dir='ltr'>su·</span> 
     </span>
     <span class='ocr_line' id='line_1_11' title="bbox 143 1303 1321 1374; baseline -0.003 -11"><span class='ocrx_word' id='word_1_92' title='bbox 143 1325 260 1363; x_wconf 72' lang='lat' dir='ltr'>mamus</span> <span class='ocrx_word' id='word_1_93' title='bbox 303 1303 375 1374; x_wconf 83' lang='lat' dir='ltr'>nihil</span> <span class='ocrx_word' id='word_1_94' title='bbox 398 1303 495 1357; x_wconf 88' lang='lat' dir='ltr'>autom</span> <span class='ocrx_word' id='word_1_95' title='bbox 520 1303 615 1372; x_wconf 85' lang='lat' dir='ltr'>aptius</span> <span class='ocrx_word' id='word_1_96' title='bbox 643 1303 829 1373; x_wconf 81' lang='lat' dir='ltr'>excogItabie,</span> <span class='ocrx_word' id='word_1_97' title='bbox 860 1303 934 1373; x_wconf 90' lang='lat' dir='ltr'>quod</span> <span class='ocrx_word' id='word_1_98' title='bbox 961 1305 1076 1374; x_wconf 83' lang='lat' dir='ltr'>poetam</span> <span class='ocrx_word' id='word_1_99' title='bbox 1103 1305 1134 1360; x_wconf 93' lang='lat' dir='ltr'>in</span> <span class='ocrx_word' id='word_1_100' title='bbox 1161 1304 1321 1360; x_wconf 86' lang='lat' dir='ltr'>conuiuium</span> 
     </span>
     <span class='ocr_line' id='line_1_12' title="bbox 145 1391 1321 1465; baseline -0.005 -11"><span class='ocrx_word' id='word_1_101' title='bbox 145 1416 239 1454; x_wconf 64' lang='lat' dir='ltr'>mcum</span> <span class='ocrx_word' id='word_1_102' title='bbox 265 1395 398 1452; x_wconf 86' lang='lat' dir='ltr'>attulisse</span> <span class='ocrx_word' id='word_1_103' title='bbox 422 1393 476 1448; x_wconf 91' lang='lat' dir='ltr'>tibi</span> <span class='ocrx_word' id='word_1_104' title='bbox 501 1392 670 1463; x_wconf 84' lang='lat' dir='ltr'>persuadeae</span> <span class='ocrx_word' id='word_1_105' title='bbox 693 1391 739 1461; x_wconf 86' lang='lat' dir='ltr'>(cf.</span> <span class='ocrx_word' id='word_1_106' title='bbox 765 1393 845 1462; x_wconf 80' lang='lat' dir='ltr'>eth)</span> <span class='ocrx_word' id='word_1_107' title='bbox 871 1393 1001 1462; x_wconf 90' lang='lat' dir='ltr'>quodque</span> <span class='ocrx_word' id='word_1_108' title='bbox 1025 1394 1061 1449; x_wconf 90' lang='lat' dir='ltr'>ob</span> <span class='ocrx_word' id='word_1_109' title='bbox 1084 1394 1220 1465; x_wconf 88' lang='lat' dir='ltr'>pretium,</span> <span class='ocrx_word' id='word_1_110' title='bbox 1246 1394 1321 1464; x_wconf 87' lang='lat' dir='ltr'>quod</span> 
     </span>
     <span class='ocr_line' id='line_1_13' title="bbox 144 1479 1322 1554; baseline -0.004 -10"><span class='ocrx_word' id='word_1_111' title='bbox 144 1505 240 1544; x_wconf 86' lang='lat' dir='ltr'>recens</span> <span class='ocrx_word' id='word_1_112' title='bbox 258 1490 321 1542; x_wconf 86' lang='lat' dir='ltr'>tum</span> <span class='ocrx_word' id='word_1_113' title='bbox 339 1482 500 1554; x_wconf 80' lang='lat' dir='ltr'>importatis</span> <span class='ocrx_word' id='word_1_114' title='bbox 514 1485 576 1538; x_wconf 86' lang='lat' dir='ltr'>erat</span> <span class='ocrx_word' id='word_1_115' title='bbox 589 1498 742 1550; x_wconf 89' lang='lat' dir='ltr'>summum,</span> <span class='ocrx_word' id='word_1_116' title='bbox 762 1479 903 1537; x_wconf 86' lang='lat' dir='ltr'>allicuerit</span> <span class='ocrx_word' id='word_1_117' title='bbox 920 1481 997 1539; x_wconf 84' lang='lat' dir='ltr'>fures</span> <span class='ocrx_word' id='word_1_118' title='bbox 1016 1483 1122 1541; x_wconf 83' lang='lat' dir='ltr'>enidos.</span> <span class='ocrx_word' id='word_1_119' title='bbox 1151 1501 1322 1554; x_wconf 87' lang='lat' dir='ltr'>quamquam</span> 
     </span>
     <span class='ocr_line' id='line_1_14' title="bbox 144 1571 1322 1645; baseline -0.004 -11"><span class='ocrx_word' id='word_1_120' title='bbox 144 1583 172 1634; x_wconf 84' lang='lat' dir='ltr'>et</span> <span class='ocrx_word' id='word_1_121' title='bbox 194 1577 250 1632; x_wconf 93' lang='lat' dir='ltr'>hoc</span> <span class='ocrx_word' id='word_1_122' title='bbox 274 1590 384 1630; x_wconf 85' lang='lat' dir='ltr'>sumere</span> <span class='ocrx_word' id='word_1_123' title='bbox 407 1574 485 1639; x_wconf 83' lang='lat' dir='ltr'>IIcet,</span> <span class='ocrx_word' id='word_1_124' title='bbox 510 1573 562 1626; x_wconf 90' lang='lat' dir='ltr'>hoe</span> <span class='ocrx_word' id='word_1_125' title='bbox 580 1571 693 1626; x_wconf 84' lang='lat' dir='ltr'>libellos</span> <span class='ocrx_word' id='word_1_126' title='bbox 717 1572 754 1625; x_wconf 90' lang='lat' dir='ltr'>ab</span> <span class='ocrx_word' id='word_1_127' title='bbox 777 1571 840 1642; x_wconf 90' lang='lat' dir='ltr'>ipso</span> <span class='ocrx_word' id='word_1_128' title='bbox 859 1572 971 1627; x_wconf 85' lang='lat' dir='ltr'>Catullo</span> <span class='ocrx_word' id='word_1_129' title='bbox 995 1590 1028 1628; x_wconf 86' lang='lat' dir='ltr'>ex</span> <span class='ocrx_word' id='word_1_130' title='bbox 1050 1573 1152 1628; x_wconf 89' lang='lat' dir='ltr'>itinere</span> <span class='ocrx_word' id='word_1_131' title='bbox 1170 1573 1322 1645; x_wconf 83' lang='lat' dir='ltr'>Bithynico</span> 
     </span>
     <span class='ocr_line' id='line_1_15' title="bbox 144 1660 1322 1736; baseline -0.002 -16"><span class='ocrx_word' id='word_1_132' title='bbox 144 1684 202 1724; x_wconf 72' lang='lat' dir='ltr'>enee</span> <span class='ocrx_word' id='word_1_133' title='bbox 216 1665 387 1736; x_wconf 83' lang='lat' dir='ltr'>reportatae.</span> <span class='ocrx_word' id='word_1_134' title='bbox 403 1691 437 1702; x_wconf 93' lang='lat'><em>-</em></span> <span class='ocrx_word' id='word_1_135' title='bbox 452 1661 481 1719; x_wconf 86' lang='grc'>8.</span> <span class='ocrx_word' id='word_1_136' title='bbox 501 1660 616 1730; x_wconf 83' lang='lat' dir='ltr'>inepte,</span> <span class='ocrx_word' id='word_1_137' title='bbox 634 1675 710 1729; x_wconf 83' lang='lat' dir='ltr'>qnae</span> <span class='ocrx_word' id='word_1_138' title='bbox 725 1660 825 1730; x_wconf 81' lang='lat' dir='ltr'>palem</span> <span class='ocrx_word' id='word_1_139' title='bbox 839 1660 920 1716; x_wconf 93' lang='lat' dir='ltr'>eolee</span> <span class='ocrx_word' id='word_1_140' title='bbox 934 1660 1046 1716; x_wconf 77' lang='lat' dir='ltr'>hahere</span> <span class='ocrx_word' id='word_1_141' title='bbox 1060 1662 1213 1729; x_wconf 64' lang='lat' dir='ltr'>umquem</span> <span class='ocrx_word' id='word_1_142' title='bbox 1228 1663 1322 1718; x_wconf 76' lang='lat' dir='ltr'>unita.</span> 
     </span>
     <span class='ocr_line' id='line_1_16' title="bbox 144 1749 1321 1825; baseline -0.002 -15"><span class='ocrx_word' id='word_1_143' title='bbox 144 1755 264 1825; x_wconf 79' lang='lat' dir='ltr'>‘inepte’</span> <span class='ocrx_word' id='word_1_144' title='bbox 291 1752 464 1823; x_wconf 85' lang='lat' dir='ltr'>(uocatiuum</span> <span class='ocrx_word' id='word_1_145' title='bbox 487 1753 609 1805; x_wconf 88' lang='lat' dir='ltr'>metrum</span> <span class='ocrx_word' id='word_1_146' title='bbox 635 1749 778 1820; x_wconf 80' lang='lat' dir='ltr'>ostendit),</span> <span class='ocrx_word' id='word_1_147' title='bbox 802 1750 887 1805; x_wconf 91' lang='lat' dir='ltr'>homo</span> <span class='ocrx_word' id='word_1_148' title='bbox 910 1750 1042 1818; x_wconf 81' lang='lat' dir='ltr'>ridicule,</span> <span class='ocrx_word' id='word_1_149' title='bbox 1065 1753 1099 1804; x_wconf 87' lang='lat' dir='ltr'>ut</span> <span class='ocrx_word' id='word_1_150' title='bbox 1120 1749 1225 1820; x_wconf 83' lang='lat' dir='ltr'>Turpil.</span> <span class='ocrx_word' id='word_1_151' title='bbox 1251 1769 1321 1809; x_wconf 88' lang='lat' dir='ltr'>com.</span> 
     </span>
     <span class='ocr_line' id='line_1_17' title="bbox 145 1838 1322 1913; baseline -0.005 -11"><span class='ocrx_word' id='word_1_152' title='bbox 145 1846 229 1902; x_wconf 81' lang='grc'><strong>1011.</strong></span> <span class='ocrx_word' id='word_1_153' title='bbox 255 1846 366 1913; x_wconf 63' lang='lat' dir='ltr'>ineptae</span> <span class='ocrx_word' id='word_1_154' title='bbox 387 1841 457 1911; x_wconf 77' lang='lat' dir='ltr'>quid</span> <span class='ocrx_word' id='word_1_155' title='bbox 482 1841 551 1894; x_wconf 73' lang='grc'><strong>10111</strong></span> <span class='ocrx_word' id='word_1_156' title='bbox 572 1841 667 1895; x_wconf 75' lang='lat' dir='ltr'>uellem</span> <span class='ocrx_word' id='word_1_157' title='bbox 690 1857 724 1894; x_wconf 74' lang='lat' dir='ltr'>ac</span> <span class='ocrx_word' id='word_1_158' title='bbox 746 1841 895 1894; x_wconf 78' lang='lat' dir='ltr'>insolentia</span> <span class='ocrx_word' id='word_1_159' title='bbox 916 1840 1079 1894; x_wconf 66' lang='lat' dir='ltr'>cadebam:</span> <span class='ocrx_word' id='word_1_160' title='bbox 1104 1838 1208 1895; x_wconf 78' lang='lat' dir='ltr'>Terrae</span> <span class='ocrx_word' id='word_1_161' title='bbox 1232 1841 1322 1896; x_wconf 88' lang='lat' dir='ltr'>iiliunr</span> 
     </span>
     <span class='ocr_line' id='line_1_18' title="bbox 143 1927 1322 2000; baseline -0.004 -9"><span class='ocrx_word' id='word_1_162' title='bbox 143 1935 214 1991; x_wconf 91' lang='lat' dir='ltr'>nihil</span> <span class='ocrx_word' id='word_1_163' title='bbox 234 1933 308 1989; x_wconf 88' lang='lat' dir='ltr'>auiti</span> <span class='ocrx_word' id='word_1_164' title='bbox 329 1932 434 1986; x_wconf 85' lang='lat' dir='ltr'>habere</span> <span class='ocrx_word' id='word_1_165' title='bbox 452 1945 532 2000; x_wconf 86' lang='lat' dir='ltr'>posse</span> <span class='ocrx_word' id='word_1_166' title='bbox 552 1929 652 1983; x_wconf 91' lang='lat' dir='ltr'>innuit.</span> <span class='ocrx_word' id='word_1_167' title='bbox 691 1928 829 1999; x_wconf 85' lang='lat' dir='ltr'>‘palam&#39;,</span> <span class='ocrx_word' id='word_1_168' title='bbox 848 1932 914 1983; x_wconf 87' lang='lat' dir='ltr'>aute</span> <span class='ocrx_word' id='word_1_169' title='bbox 932 1927 1029 1985; x_wconf 88' lang='lat' dir='ltr'>oeulos</span> <span class='ocrx_word' id='word_1_170' title='bbox 1048 1931 1186 1999; x_wconf 90' lang='lat' dir='ltr'>omnium,</span> <span class='ocrx_word' id='word_1_171' title='bbox 1205 1933 1237 1986; x_wconf 91' lang='lat' dir='ltr'>ut</span> <span class='ocrx_word' id='word_1_172' title='bbox 1255 1932 1322 1987; x_wconf 89' lang='lat' dir='ltr'>Hor.</span> 
     </span>
     <span class='ocr_line' id='line_1_19' title="bbox 145 2017 1321 2092; baseline -0.006 -11"><span class='ocrx_word' id='word_1_173' title='bbox 145 2028 195 2081; x_wconf 82' lang='lat' dir='ltr'>eat</span> <span class='ocrx_word' id='word_1_174' title='bbox 214 2026 227 2080; x_wconf 93' lang='lat'>1</span> <span class='ocrx_word' id='word_1_175' title='bbox 247 2031 273 2092; x_wconf 76' lang='lat'>2,</span> <span class='ocrx_word' id='word_1_176' title='bbox 292 2027 336 2078; x_wconf 80' lang='lat'>84.</span> <span class='ocrx_word' id='word_1_177' title='bbox 374 2020 497 2088; x_wconf 81' lang='lat' dir='ltr'>‘anita’,</span> <span class='ocrx_word' id='word_1_178' title='bbox 517 2035 534 2072; x_wconf 87' lang='lat' dir='ltr'>a</span> <span class='ocrx_word' id='word_1_179' title='bbox 557 2018 710 2074; x_wconf 87' lang='lat' dir='ltr'>maioribus</span> <span class='ocrx_word' id='word_1_180' title='bbox 734 2035 784 2087; x_wconf 88' lang='lat' dir='ltr'>par</span> <span class='ocrx_word' id='word_1_181' title='bbox 801 2017 987 2073; x_wconf 81' lang='lat' dir='ltr'>hereditatem</span> <span class='ocrx_word' id='word_1_182' title='bbox 1011 2023 1142 2090; x_wconf 83' lang='lat' dir='ltr'>accepta,</span> <span class='ocrx_word' id='word_1_183' title='bbox 1164 2024 1198 2076; x_wconf 89' lang='lat' dir='ltr'>ut</span> <span class='ocrx_word' id='word_1_184' title='bbox 1215 2019 1276 2077; x_wconf 79' lang='lat' dir='ltr'>Tib.</span> <span class='ocrx_word' id='word_1_185' title='bbox 1296 2020 1321 2075; x_wconf 96' lang='lat' dir='ltr'>ll</span> 
     </span>
    </p>
   </div>
   <div class='ocr_carea' id='block_1_3' title="bbox 143 2109 1323 2363">
    <p class='ocr_par' dir='ltr' id='par_1_3' title="bbox 143 2109 1323 2363">
     <span class='ocr_line' id='line_1_20' title="bbox 144 2109 1323 2183; baseline -0.003 -13"><span class='ocrx_word' id='word_1_186' title='bbox 144 2120 223 2183; x_wconf 72' lang='grc'><strong>0,.04</strong></span> <span class='ocrx_word' id='word_1_187' title='bbox 245 2114 321 2169; x_wconf 83' lang='lat' dir='ltr'>ecdoe</span> <span class='ocrx_word' id='word_1_188' title='bbox 343 2113 451 2179; x_wconf 79' lang='lat' dir='ltr'>auitae,</span> <span class='ocrx_word' id='word_1_189' title='bbox 475 2109 540 2164; x_wconf 87' lang='lat' dir='ltr'>Hor.</span> <span class='ocrx_word' id='word_1_190' title='bbox 560 2112 613 2164; x_wconf 89' lang='lat' dir='ltr'>eat.</span> <span class='ocrx_word' id='word_1_191' title='bbox 633 2109 695 2175; x_wconf 86' lang='grc'>10,</span> <span class='ocrx_word' id='word_1_192' title='bbox 715 2113 748 2163; x_wconf 80' lang='grc'>’10</span> <span class='ocrx_word' id='word_1_193' title='bbox 773 2109 854 2162; x_wconf 76' lang='lat' dir='ltr'>auito</span> <span class='ocrx_word' id='word_1_194' title='bbox 877 2125 911 2162; x_wconf 79' lang='lat' dir='ltr'>ec</span> <span class='ocrx_word' id='word_1_195' title='bbox 932 2125 963 2164; x_wconf 82' lang='lat' dir='ltr'>rc</span> <span class='ocrx_word' id='word_1_196' title='bbox 983 2112 1114 2178; x_wconf 69' lang='lat' dir='ltr'>praebui</span> <span class='ocrx_word' id='word_1_197' title='bbox 1136 2119 1269 2181; x_wconf 76' lang='lat' dir='ltr'>sumptae.</span> <span class='ocrx_word' id='word_1_198' title='bbox 1288 2143 1323 2154; x_wconf 93' lang='lat'><em>-</em></span> 
     </span>
     <span class='ocr_line' id='line_1_21' title="bbox 143 2198 1321 2272; baseline -0.003 -12"><span class='ocrx_word' id='word_1_199' title='bbox 143 2206 173 2260; x_wconf 78' lang='grc'>1.</span> <span class='ocrx_word' id='word_1_200' title='bbox 191 2217 270 2272; x_wconf 76' lang='lat' dir='ltr'>qnae</span> <span class='ocrx_word' id='word_1_201' title='bbox 288 2216 369 2256; x_wconf 86' lang='lat' dir='ltr'>nnnc</span> <span class='ocrx_word' id='word_1_202' title='bbox 392 2200 455 2256; x_wconf 88' lang='lat' dir='ltr'>tule</span> <span class='ocrx_word' id='word_1_203' title='bbox 479 2199 516 2254; x_wconf 82' lang='lat' dir='ltr'>ab</span> <span class='ocrx_word' id='word_1_204' title='bbox 540 2198 692 2266; x_wconf 73' lang='lat' dir='ltr'>unguibus</span> <span class='ocrx_word' id='word_1_205' title='bbox 717 2198 882 2264; x_wconf 73' lang='lat' dir='ltr'>reglutina.</span> <span class='ocrx_word' id='word_1_206' title='bbox 920 2215 1040 2268; x_wconf 77' lang='lat' dir='ltr'>ungnes,</span> <span class='ocrx_word' id='word_1_207' title='bbox 1060 2199 1236 2269; x_wconf 78' lang='lat' dir='ltr'>quitatibus</span> <span class='ocrx_word' id='word_1_208' title='bbox 1255 2218 1321 2256; x_wconf 88' lang='lat' dir='ltr'>ana-</span> 
     </span>
     <span class='ocr_line' id='line_1_22' title="bbox 143 2286 1323 2363; baseline -0.003 -15"><span class='ocrx_word' id='word_1_209' title='bbox 143 2296 235 2363; x_wconf 84' lang='lat' dir='ltr'>rieque</span> <span class='ocrx_word' id='word_1_210' title='bbox 258 2296 406 2360; x_wconf 58' lang='lat' dir='ltr'>umquam</span> <span class='ocrx_word' id='word_1_211' title='bbox 429 2288 559 2344; x_wconf 88' lang='lat' dir='ltr'>uolturiie</span> <span class='ocrx_word' id='word_1_212' title='bbox 585 2287 746 2342; x_wconf 86' lang='lat' dir='ltr'>tribuuntur</span> <span class='ocrx_word' id='word_1_213' title='bbox 769 2286 912 2357; x_wconf 87' lang='lat' dir='ltr'>(Prudent.</span> <span class='ocrx_word' id='word_1_214' title='bbox 935 2289 1032 2358; x_wconf 81' lang='lat' dir='ltr'>peyoh.</span> <span class='ocrx_word' id='word_1_215' title='bbox 1057 2294 1110 2344; x_wconf 76' lang='grc'><strong>400</strong></span> <span class='ocrx_word' id='word_1_216' title='bbox 1135 2290 1169 2345; x_wconf 90' lang='lat' dir='ltr'>de</span> <span class='ocrx_word' id='word_1_217' title='bbox 1193 2290 1323 2345; x_wconf 81' lang='lat' dir='ltr'>Auaritia</span> 
     </span>
    </p>
   </div>
   <div class='ocr_carea' id='block_1_4' title="bbox 145 2378 1324 3437">
    <p class='ocr_par' dir='ltr' id='par_1_4' title="bbox 145 2378 1324 3437">
     <span class='ocr_line' id='line_1_23' title="bbox 145 2378 1322 2449; baseline -0.003 -11"><span class='ocrx_word' id='word_1_218' title='bbox 145 2400 217 2437; x_wconf 70' lang='lat' dir='ltr'>anco</span> <span class='ocrx_word' id='word_1_219' title='bbox 234 2381 405 2449; x_wconf 72' lang='lat' dir='ltr'>corripuisse</span> <span class='ocrx_word' id='word_1_220' title='bbox 421 2395 509 2433; x_wconf 77' lang='lat' dir='ltr'>mona</span> <span class='ocrx_word' id='word_1_221' title='bbox 526 2380 556 2432; x_wconf 86' lang='lat' dir='ltr'>et</span> <span class='ocrx_word' id='word_1_222' title='bbox 574 2384 627 2433; x_wconf 76' lang='lat'>462</span> <span class='ocrx_word' id='word_1_223' title='bbox 650 2378 732 2433; x_wconf 74' lang='lat' dir='ltr'>uelox</span> <span class='ocrx_word' id='word_1_224' title='bbox 749 2395 815 2432; x_wconf 79' lang='lat' dir='ltr'>nom</span> <span class='ocrx_word' id='word_1_225' title='bbox 833 2379 931 2433; x_wconf 77' lang='lat' dir='ltr'>dextro</span> <span class='ocrx_word' id='word_1_226' title='bbox 948 2380 1067 2448; x_wconf 77' lang='lat' dir='ltr'>rapinae</span> <span class='ocrx_word' id='word_1_227' title='bbox 1086 2380 1198 2434; x_wconf 81' lang='lat' dir='ltr'>obrodit</span> <span class='ocrx_word' id='word_1_228' title='bbox 1215 2380 1322 2448; x_wconf 70' lang='grc'><strong>1001111-</strong></span> 
     </span>
     <span class='ocr_line' id='line_1_24' title="bbox 145 2466 1322 2542; baseline -0.002 -16"><span class='ocrx_word' id='word_1_229' title='bbox 145 2490 195 2542; x_wconf 76' lang='lat' dir='ltr'>que</span> <span class='ocrx_word' id='word_1_230' title='bbox 216 2487 324 2541; x_wconf 69' lang='grc'><strong>101900</strong></span> <span class='ocrx_word' id='word_1_231' title='bbox 349 2474 452 2524; x_wconf 75' lang='lat' dir='ltr'>exercet</span> <span class='ocrx_word' id='word_1_232' title='bbox 474 2469 580 2536; x_wconf 77' lang='lat' dir='ltr'>oenoe),</span> <span class='ocrx_word' id='word_1_233' title='bbox 605 2466 664 2522; x_wconf 90' lang='lat' dir='ltr'>siue</span> <span class='ocrx_word' id='word_1_234' title='bbox 688 2484 788 2521; x_wconf 89' lang='lat' dir='ltr'>manne</span> <span class='ocrx_word' id='word_1_235' title='bbox 813 2469 905 2522; x_wconf 81' lang='lat' dir='ltr'>lurum</span> <span class='ocrx_word' id='word_1_236' title='bbox 930 2467 1039 2538; x_wconf 79' lang='lat' dir='ltr'>glutine</span> <span class='ocrx_word' id='word_1_237' title='bbox 1057 2469 1104 2522; x_wconf 90' lang='lat' dir='ltr'>nel</span> <span class='ocrx_word' id='word_1_238' title='bbox 1128 2470 1205 2524; x_wconf 90' lang='lat' dir='ltr'>uieoo</span> <span class='ocrx_word' id='word_1_239' title='bbox 1224 2467 1322 2524; x_wconf 89' lang='lat' dir='ltr'>inlitae</span> 
     </span>
     <span class='ocr_line' id='line_1_25' title="bbox 146 2557 1323 2632; baseline -0.003 -16"><span class='ocrx_word' id='word_1_240' title='bbox 146 2562 301 2632; x_wconf 73' lang='lat' dir='ltr'>linguntur,</span> <span class='ocrx_word' id='word_1_241' title='bbox 320 2577 376 2630; x_wconf 89' lang='lat' dir='ltr'>quo</span> <span class='ocrx_word' id='word_1_242' title='bbox 394 2557 531 2628; x_wconf 88' lang='lat' dir='ltr'>quidquid</span> <span class='ocrx_word' id='word_1_243' title='bbox 550 2562 670 2628; x_wconf 78' lang='lat' dir='ltr'>tangunt</span> <span class='ocrx_word' id='word_1_244' title='bbox 688 2557 853 2625; x_wconf 72' lang='lat' dir='ltr'>adhaereat,</span> <span class='ocrx_word' id='word_1_245' title='bbox 873 2558 960 2615; x_wconf 88' lang='lat' dir='ltr'>Lucil.</span> <span class='ocrx_word' id='word_1_246' title='bbox 981 2557 1098 2613; x_wconf 86' lang='lat' dir='ltr'>XXVIII</span> <span class='ocrx_word' id='word_1_247' title='bbox 1118 2562 1152 2612; x_wconf 80' lang='grc'><strong>08</strong></span> <span class='ocrx_word' id='word_1_248' title='bbox 1172 2557 1208 2612; x_wconf 84' lang='grc' dir='ltr'>Μ,</span> <span class='ocrx_word' id='word_1_249' title='bbox 1228 2559 1323 2612; x_wconf 83' lang='lat' dir='ltr'>omnia</span> 
     </span>
     <span class='ocr_line' id='line_1_26' title="bbox 147 2647 1323 2719; baseline -0.003 -13"><span class='ocrx_word' id='word_1_250' title='bbox 147 2654 261 2706; x_wconf 65' lang='grc'><strong>11100111</strong></span> <span class='ocrx_word' id='word_1_251' title='bbox 279 2651 410 2704; x_wconf 76' lang='lat' dir='ltr'>monibue</span> <span class='ocrx_word' id='word_1_252' title='bbox 428 2650 503 2719; x_wconf 66' lang='lat' dir='ltr'>lecet,</span> <span class='ocrx_word' id='word_1_253' title='bbox 521 2649 615 2702; x_wconf 79' lang='lat' dir='ltr'>omnio</span> <span class='ocrx_word' id='word_1_254' title='bbox 632 2655 726 2716; x_wconf 83' lang='lat' dir='ltr'>sumet,</span> <span class='ocrx_word' id='word_1_255' title='bbox 744 2647 831 2702; x_wconf 84' lang='lat' dir='ltr'>Rutil.</span> <span class='ocrx_word' id='word_1_256' title='bbox 846 2647 959 2703; x_wconf 85' lang='lat' dir='ltr'>Namat.</span> <span class='ocrx_word' id='word_1_257' title='bbox 978 2649 1054 2703; x_wconf 84' lang='grc'><strong>1609</strong></span> <span class='ocrx_word' id='word_1_258' title='bbox 1069 2648 1104 2702; x_wconf 90' lang='lat' dir='ltr'>de</span> <span class='ocrx_word' id='word_1_259' title='bbox 1118 2647 1240 2717; x_wconf 84' lang='lat' dir='ltr'>Harpyis</span> <span class='ocrx_word' id='word_1_260' title='bbox 1254 2665 1323 2716; x_wconf 80' lang='lat' dir='ltr'>quoe</span> 
     </span>
     <span class='ocr_line' id='line_1_27' title="bbox 145 2737 1324 2812; baseline -0.003 -19"><span class='ocrx_word' id='word_1_261' title='bbox 145 2743 209 2810; x_wconf 80' lang='lat' dir='ltr'>pede</span> <span class='ocrx_word' id='word_1_262' title='bbox 231 2740 357 2812; x_wconf 75' lang='lat' dir='ltr'>plutiaeo</span> <span class='ocrx_word' id='word_1_263' title='bbox 379 2756 449 2808; x_wconf 80' lang='lat' dir='ltr'>qaae</span> <span class='ocrx_word' id='word_1_264' title='bbox 472 2739 581 2807; x_wconf 76' lang='lat' dir='ltr'>tetiyere</span> <span class='ocrx_word' id='word_1_265' title='bbox 608 2739 723 2792; x_wconf 70' lang='grc'><strong>1101001</strong></span> <span class='ocrx_word' id='word_1_266' title='bbox 746 2739 791 2806; x_wconf 86' lang='lat' dir='ltr'>(of.</span> <span class='ocrx_word' id='word_1_267' title='bbox 816 2741 846 2791; x_wconf 89' lang='lat' dir='ltr'>et</span> <span class='ocrx_word' id='word_1_268' title='bbox 871 2738 998 2808; x_wconf 81' lang='lat' dir='ltr'>epitheta</span> <span class='ocrx_word' id='word_1_269' title='bbox 1021 2738 1113 2793; x_wconf 85' lang='lat' dir='ltr'>furum</span> <span class='ocrx_word' id='word_1_270' title='bbox 1139 2737 1269 2791; x_wconf 80' lang='lat' dir='ltr'>‘trahar&#39;</span> <span class='ocrx_word' id='word_1_271' title='bbox 1295 2738 1324 2790; x_wconf 86' lang='lat' dir='ltr'>et</span> 
     </span>
     <span class='ocr_line' id='line_1_28' title="bbox 148 2826 1324 2899; baseline 0 -18"><span class='ocrx_word' id='word_1_272' title='bbox 148 2831 288 2899; x_wconf 79' lang='lat' dir='ltr'>‘Iagax&#39;).</span> <span class='ocrx_word' id='word_1_273' title='bbox 328 2828 543 2897; x_wconf 84' lang='lat' dir='ltr'>‘reglutinare’,</span> <span class='ocrx_word' id='word_1_274' title='bbox 567 2828 675 2881; x_wconf 86' lang='lat' dir='ltr'>soluere</span> <span class='ocrx_word' id='word_1_275' title='bbox 700 2845 716 2881; x_wconf 89' lang='lat' dir='ltr'>a</span> <span class='ocrx_word' id='word_1_276' title='bbox 740 2827 869 2881; x_wconf 87' lang='lat' dir='ltr'>manibus</span> <span class='ocrx_word' id='word_1_277' title='bbox 892 2826 1042 2897; x_wconf 75' lang='lat' dir='ltr'>glutineris,</span> <span class='ocrx_word' id='word_1_278' title='bbox 1066 2828 1142 2882; x_wconf 90' lang='lat' dir='ltr'>eolus</span> <span class='ocrx_word' id='word_1_279' title='bbox 1166 2830 1261 2882; x_wconf 89' lang='lat' dir='ltr'>noster</span> <span class='ocrx_word' id='word_1_280' title='bbox 1283 2827 1324 2881; x_wconf 86' lang='lat' dir='ltr'>sio</span> 
     </span>
     <span class='ocr_line' id='line_1_29' title="bbox 147 2916 1324 2986; baseline -0.003 -12"><span class='ocrx_word' id='word_1_281' title='bbox 147 2919 288 2984; x_wconf 80' lang='lat' dir='ltr'>adhibuit,</span> <span class='ocrx_word' id='word_1_282' title='bbox 315 2918 399 2972; x_wconf 88' lang='lat' dir='ltr'>aliter</span> <span class='ocrx_word' id='word_1_283' title='bbox 422 2919 468 2986; x_wconf 58' lang='grc' dir='ltr'>(ε</span> <span class='ocrx_word' id='word_1_284' title='bbox 491 2916 595 2971; x_wconf 87' lang='lat' dir='ltr'>iterum</span> <span class='ocrx_word' id='word_1_285' title='bbox 621 2916 773 2986; x_wconf 83' lang='lat' dir='ltr'>glutinare)</span> <span class='ocrx_word' id='word_1_286' title='bbox 799 2917 899 2985; x_wconf 88' lang='lat' dir='ltr'>postea</span> <span class='ocrx_word' id='word_1_287' title='bbox 925 2918 1078 2972; x_wconf 85' lang='lat' dir='ltr'>adhibuere</span> <span class='ocrx_word' id='word_1_288' title='bbox 1101 2918 1269 2972; x_wconf 82' lang='lat' dir='ltr'>Prudentius</span> <span class='ocrx_word' id='word_1_289' title='bbox 1295 2920 1324 2970; x_wconf 93' lang='lat' dir='ltr'>et</span> 
     </span>
     <span class='ocr_line' id='line_1_30' title="bbox 147 3005 1322 3075; baseline -0.003 -13"><span class='ocrx_word' id='word_1_290' title='bbox 147 3009 302 3064; x_wconf 86' lang='lat' dir='ltr'>llertianue</span> <span class='ocrx_word' id='word_1_291' title='bbox 326 3007 451 3075; x_wconf 83' lang='lat' dir='ltr'>Capella</span> <span class='ocrx_word' id='word_1_292' title='bbox 478 3038 510 3046; x_wconf 95' lang='lat'><em>-</em></span> <span class='ocrx_word' id='word_1_293' title='bbox 539 3006 586 3060; x_wconf 91' lang='grc'>10.</span> <span class='ocrx_word' id='word_1_294' title='bbox 612 3020 649 3061; x_wconf 90' lang='lat' dir='ltr'>ne</span> <span class='ocrx_word' id='word_1_295' title='bbox 676 3005 795 3061; x_wconf 88' lang='lat' dir='ltr'>laneum</span> <span class='ocrx_word' id='word_1_296' title='bbox 822 3005 1005 3061; x_wconf 81' lang='lat' dir='ltr'>latusculum</span> <span class='ocrx_word' id='word_1_297' title='bbox 1032 3020 1197 3074; x_wconf 83' lang='lat' dir='ltr'>manusque</span> <span class='ocrx_word' id='word_1_298' title='bbox 1223 3005 1322 3060; x_wconf 75' lang='grc'><strong>100111-</strong></span> 
     </span>
     <span class='ocr_line' id='line_1_31' title="bbox 146 3094 1322 3164; baseline -0.006 -10"><span class='ocrx_word' id='word_1_299' title='bbox 146 3099 250 3154; x_wconf 78' lang='lat' dir='ltr'>oeflae.</span> <span class='ocrx_word' id='word_1_300' title='bbox 289 3096 484 3151; x_wconf 83' lang='lat' dir='ltr'>‘latusculum&#39;</span> <span class='ocrx_word' id='word_1_301' title='bbox 506 3094 594 3162; x_wconf 79' lang='lat' dir='ltr'>(Luor.</span> <span class='ocrx_word' id='word_1_302' title='bbox 615 3094 653 3148; x_wconf 84' lang='lat' dir='ltr'>IV</span> <span class='ocrx_word' id='word_1_303' title='bbox 673 3100 735 3163; x_wconf 76' lang='lat'><strong>335)</strong></span> <span class='ocrx_word' id='word_1_304' title='bbox 755 3111 804 3164; x_wconf 89' lang='lat' dir='ltr'>per</span> <span class='ocrx_word' id='word_1_305' title='bbox 823 3111 852 3147; x_wconf 91' lang='lat' dir='ltr'>se</span> <span class='ocrx_word' id='word_1_306' title='bbox 871 3094 926 3147; x_wconf 86' lang='lat' dir='ltr'>iam</span> <span class='ocrx_word' id='word_1_307' title='bbox 947 3095 1021 3149; x_wconf 87' lang='lat' dir='ltr'>latus</span> <span class='ocrx_word' id='word_1_308' title='bbox 1041 3095 1229 3150; x_wconf 86' lang='lat' dir='ltr'>effeminatum</span> <span class='ocrx_word' id='word_1_309' title='bbox 1249 3094 1322 3148; x_wconf 93' lang='lat' dir='ltr'>indi-</span> 
     </span>
     <span class='ocr_line' id='line_1_32' title="bbox 147 3182 1324 3253; baseline -0.005 -10"><span class='ocrx_word' id='word_1_310' title='bbox 147 3205 210 3242; x_wconf 85' lang='lat' dir='ltr'>cans</span> <span class='ocrx_word' id='word_1_311' title='bbox 229 3182 388 3241; x_wconf 88' lang='lat' dir='ltr'>intenditur</span> <span class='ocrx_word' id='word_1_312' title='bbox 406 3185 457 3239; x_wconf 93' lang='lat' dir='ltr'>illo</span> <span class='ocrx_word' id='word_1_313' title='bbox 477 3184 611 3238; x_wconf 86' lang='lat' dir='ltr'>‘laneum’</span> <span class='ocrx_word' id='word_1_314' title='bbox 634 3184 740 3252; x_wconf 84' lang='lat' dir='ltr'>(quen.</span> <span class='ocrx_word' id='word_1_315' title='bbox 761 3189 785 3251; x_wconf 92' lang='lat'>8,</span> <span class='ocrx_word' id='word_1_316' title='bbox 807 3189 840 3237; x_wconf 78' lang='grc'>10</span> <span class='ocrx_word' id='word_1_317' title='bbox 858 3183 996 3252; x_wconf 73' lang='grc'><strong>11090000</strong></span> <span class='ocrx_word' id='word_1_318' title='bbox 1018 3187 1198 3253; x_wconf 79' lang='lat' dir='ltr'>quantumuis</span> <span class='ocrx_word' id='word_1_319' title='bbox 1216 3186 1324 3239; x_wconf 80' lang='lat' dir='ltr'>enollior</span> 
     </span>
     <span class='ocr_line' id='line_1_33' title="bbox 146 3273 1323 3347; baseline 0 -20"><span class='ocrx_word' id='word_1_320' title='bbox 146 3280 243 3347; x_wconf 75' lang='lat' dir='ltr'>aqna),</span> <span class='ocrx_word' id='word_1_321' title='bbox 269 3291 344 3344; x_wconf 88' lang='lat' dir='ltr'>quae</span> <span class='ocrx_word' id='word_1_322' title='bbox 369 3274 406 3328; x_wconf 90' lang='lat' dir='ltr'>ad</span> <span class='ocrx_word' id='word_1_323' title='bbox 431 3273 575 3329; x_wconf 86' lang='lat' dir='ltr'>notionem</span> <span class='ocrx_word' id='word_1_324' title='bbox 603 3273 799 3327; x_wconf 85' lang='lat' dir='ltr'>teneritudinis</span> <span class='ocrx_word' id='word_1_325' title='bbox 825 3274 982 3342; x_wconf 87' lang='lat' dir='ltr'>augendam</span> <span class='ocrx_word' id='word_1_326' title='bbox 1010 3275 1124 3344; x_wconf 87' lang='lat' dir='ltr'>copulat</span> <span class='ocrx_word' id='word_1_327' title='bbox 1149 3273 1323 3328; x_wconf 86' lang='lat' dir='ltr'>adlitteratio</span> 
     </span>
     <span class='ocr_line' id='line_1_34' title="bbox 145 3361 1323 3437; baseline -0.003 -17"><span class='ocrx_word' id='word_1_328' title='bbox 145 3383 233 3437; x_wconf 74' lang='lat' dir='ltr'>oeque</span> <span class='ocrx_word' id='word_1_329' title='bbox 254 3370 340 3434; x_wconf 82' lang='lat' dir='ltr'>atque</span> <span class='ocrx_word' id='word_1_330' title='bbox 360 3365 386 3417; x_wconf 89' lang='grc'>10</span> <span class='ocrx_word' id='word_1_331' title='bbox 407 3363 464 3417; x_wconf 92' lang='lat' dir='ltr'>illie</span> <span class='ocrx_word' id='word_1_332' title='bbox 486 3364 570 3417; x_wconf 84' lang='lat' dir='ltr'>‘man</span> <span class='ocrx_word' id='word_1_333' title='bbox 586 3363 686 3429; x_wconf 82' lang='lat' dir='ltr'>mull&#39;,</span> <span class='ocrx_word' id='word_1_334' title='bbox 705 3363 734 3416; x_wconf 93' lang='lat' dir='ltr'>in</span> <span class='ocrx_word' id='word_1_335' title='bbox 754 3361 855 3432; x_wconf 86' lang='lat' dir='ltr'>quibus</span> <span class='ocrx_word' id='word_1_336' title='bbox 875 3362 979 3431; x_wconf 88' lang='lat' dir='ltr'>duplex</span> <span class='ocrx_word' id='word_1_337' title='bbox 998 3363 1202 3418; x_wconf 87' lang='lat' dir='ltr'>deminutiunm</span> <span class='ocrx_word' id='word_1_338' title='bbox 1220 3364 1323 3417; x_wconf 84' lang='lat' dir='ltr'>‘molli-</span> 
     </span>
    </p>
   </div>
   <div class='ocr_carea' id='block_1_5' title="bbox 146 3450 1408 3522">
    <p class='ocr_par' dir='ltr' id='par_1_5' title="bbox 146 3450 1408 3522">
     <span class='ocr_line' id='line_1_35' title="bbox 146 3450 1408 3522; baseline -0.004 -13"><span class='ocrx_word' id='word_1_339' title='bbox 146 3456 251 3510; x_wconf 88' lang='lat' dir='ltr'>cellne’</span> <span class='ocrx_word' id='word_1_340' title='bbox 278 3458 308 3522; x_wconf 89' lang='lat' dir='ltr'>(a</span> <span class='ocrx_word' id='word_1_341' title='bbox 333 3452 536 3519; x_wconf 84' lang='lat' dir='ltr'>‘molliculue’,</span> <span class='ocrx_word' id='word_1_342' title='bbox 560 3451 594 3504; x_wconf 83' lang='lat' dir='ltr'>cl.</span> <span class='ocrx_word' id='word_1_343' title='bbox 616 3452 679 3504; x_wconf 89' lang='lat' dir='ltr'>XVI</span> <span class='ocrx_word' id='word_1_344' title='bbox 698 3456 724 3518; x_wconf 88' lang='lat'>4)</span> <span class='ocrx_word' id='word_1_345' title='bbox 749 3469 766 3506; x_wconf 91' lang='lat' dir='ltr'>a</span> <span class='ocrx_word' id='word_1_346' title='bbox 791 3454 887 3505; x_wconf 87' lang='lat' dir='ltr'>nostro</span> <span class='ocrx_word' id='word_1_347' title='bbox 914 3454 1009 3506; x_wconf 85' lang='lat' dir='ltr'>lictum</span> <span class='ocrx_word' id='word_1_348' title='bbox 1035 3452 1102 3505; x_wconf 89' lang='lat' dir='ltr'>alibi</span> <span class='ocrx_word' id='word_1_349' title='bbox 1129 3467 1184 3505; x_wconf 92' lang='lat' dir='ltr'>non</span> <span class='ocrx_word' id='word_1_350' title='bbox 1211 3450 1322 3521; x_wconf 81' lang='lat' dir='ltr'>legitur.</span> <span class='ocrx_word' id='word_1_351' title='bbox 1406 3519 1408 3522; x_wconf 8' lang='grc' dir='ltr'><em>Α</em></span> 
     </span>
    </p>
   </div>
   <div class='ocr_carea' id='block_1_6' title="bbox 146 3540 1325 4509">
    <p class='ocr_par' dir='ltr' id='par_1_6' title="bbox 146 3540 1325 4509">
     <span class='ocr_line' id='line_1_36' title="bbox 146 3540 1322 3611; baseline -0.003 -12"><span class='ocrx_word' id='word_1_352' title='bbox 146 3562 245 3599; x_wconf 85' lang='lat' dir='ltr'>manna</span> <span class='ocrx_word' id='word_1_353' title='bbox 266 3546 361 3598; x_wconf 85' lang='lat' dir='ltr'>autem</span> <span class='ocrx_word' id='word_1_354' title='bbox 384 3541 575 3596; x_wconf 84' lang='lat' dir='ltr'>uerberandae</span> <span class='ocrx_word' id='word_1_355' title='bbox 600 3541 744 3608; x_wconf 86' lang='lat' dir='ltr'>dicuntur,</span> <span class='ocrx_word' id='word_1_356' title='bbox 768 3541 872 3610; x_wconf 90' lang='lat' dir='ltr'>quippe</span> <span class='ocrx_word' id='word_1_357' title='bbox 896 3559 968 3609; x_wconf 82' lang='lat' dir='ltr'>quae</span> <span class='ocrx_word' id='word_1_358' title='bbox 993 3541 1137 3611; x_wconf 85' lang='lat' dir='ltr'>rapuerint</span> <span class='ocrx_word' id='word_1_359' title='bbox 1155 3541 1239 3608; x_wconf 83' lang='lat' dir='ltr'>(male</span> <span class='ocrx_word' id='word_1_360' title='bbox 1259 3540 1322 3595; x_wconf 84' lang='lat' dir='ltr'>Sca</span> 
     </span>
     <span class='ocr_line' id='line_1_37' title="bbox 146 3629 1323 3704; baseline -0.003 -16"><span class='ocrx_word' id='word_1_361' title='bbox 146 3633 217 3704; x_wconf 73' lang='lat' dir='ltr'>liger</span> <span class='ocrx_word' id='word_1_362' title='bbox 231 3631 414 3700; x_wconf 83' lang='lat' dir='ltr'>‘natisque&#39;);</span> <span class='ocrx_word' id='word_1_363' title='bbox 430 3631 504 3685; x_wconf 88' lang='lat' dir='ltr'>latus</span> <span class='ocrx_word' id='word_1_364' title='bbox 519 3647 594 3698; x_wconf 90' lang='lat' dir='ltr'>uero,</span> <span class='ocrx_word' id='word_1_365' title='bbox 609 3634 641 3684; x_wconf 89' lang='lat' dir='ltr'>ut</span> <span class='ocrx_word' id='word_1_366' title='bbox 655 3630 682 3684; x_wconf 93' lang='lat' dir='ltr'>in</span> <span class='ocrx_word' id='word_1_367' title='bbox 698 3648 753 3699; x_wconf 87' lang='lat' dir='ltr'>quo</span> <span class='ocrx_word' id='word_1_368' title='bbox 769 3648 812 3685; x_wconf 89' lang='lat' dir='ltr'>ree</span> <span class='ocrx_word' id='word_1_369' title='bbox 826 3634 925 3701; x_wconf 85' lang='lat' dir='ltr'>raptae</span> <span class='ocrx_word' id='word_1_370' title='bbox 941 3629 1069 3685; x_wconf 86' lang='lat' dir='ltr'>conditae</span> <span class='ocrx_word' id='word_1_371' title='bbox 1085 3631 1150 3686; x_wconf 87' lang='lat' dir='ltr'>sint.</span> <span class='ocrx_word' id='word_1_372' title='bbox 1167 3662 1200 3670; x_wconf 97' lang='lat'>-</span> <span class='ocrx_word' id='word_1_373' title='bbox 1215 3630 1263 3684; x_wconf 90' lang='lat'>11.</span> <span class='ocrx_word' id='word_1_374' title='bbox 1278 3630 1323 3685; x_wconf 88' lang='lat' dir='ltr'>ln·</span> 
     </span>
     <span class='ocr_line' id='line_1_38' title="bbox 146 3719 1325 3790; baseline -0.003 -13"><span class='ocrx_word' id='word_1_375' title='bbox 146 3725 214 3778; x_wconf 75' lang='lat' dir='ltr'>neta</span> <span class='ocrx_word' id='word_1_376' title='bbox 233 3721 372 3790; x_wconf 82' lang='lat' dir='ltr'>turpiter</span> <span class='ocrx_word' id='word_1_377' title='bbox 391 3719 449 3774; x_wconf 83' lang='lat' dir='ltr'>tlbl</span> <span class='ocrx_word' id='word_1_378' title='bbox 468 3719 592 3787; x_wconf 73' lang='lat' dir='ltr'>flagella</span> <span class='ocrx_word' id='word_1_379' title='bbox 613 3720 842 3775; x_wconf 79' lang='lat' dir='ltr'>consorlbllenl.</span> <span class='ocrx_word' id='word_1_380' title='bbox 876 3737 1046 3789; x_wconf 90' lang='lat' dir='ltr'>quamquam</span> <span class='ocrx_word' id='word_1_381' title='bbox 1071 3720 1182 3790; x_wconf 87' lang='lat' dir='ltr'>proprie</span> <span class='ocrx_word' id='word_1_382' title='bbox 1206 3719 1325 3775; x_wconf 88' lang='lat' dir='ltr'>inuritur</span> 
     </span>
     <span class='ocr_line' id='line_1_39' title="bbox 147 3809 1322 3882; baseline -0.002 -15"><span class='ocrx_word' id='word_1_383' title='bbox 147 3813 248 3882; x_wconf 84' lang='lat' dir='ltr'>aliquis</span> <span class='ocrx_word' id='word_1_384' title='bbox 267 3811 395 3880; x_wconf 79' lang='lat' dir='ltr'>flagello,</span> <span class='ocrx_word' id='word_1_385' title='bbox 416 3811 442 3864; x_wconf 88' lang='lat' dir='ltr'>h.</span> <span class='ocrx_word' id='word_1_386' title='bbox 458 3828 481 3864; x_wconf 91' lang='lat' dir='ltr'>e.</span> <span class='ocrx_word' id='word_1_387' title='bbox 501 3813 582 3865; x_wconf 85' lang='lat' dir='ltr'>notas</span> <span class='ocrx_word' id='word_1_388' title='bbox 602 3827 633 3863; x_wconf 89' lang='lat' dir='ltr'>ac</span> <span class='ocrx_word' id='word_1_389' title='bbox 653 3809 759 3864; x_wconf 88' lang='lat' dir='ltr'>uibicee</span> <span class='ocrx_word' id='word_1_390' title='bbox 779 3810 884 3879; x_wconf 80' lang='lat' dir='ltr'>accipIt</span> <span class='ocrx_word' id='word_1_391' title='bbox 903 3826 951 3879; x_wconf 86' lang='lat' dir='ltr'>per</span> <span class='ocrx_word' id='word_1_392' title='bbox 970 3809 1084 3878; x_wconf 79' lang='lat' dir='ltr'>flagella</span> <span class='ocrx_word' id='word_1_393' title='bbox 1098 3811 1144 3877; x_wconf 84' lang='lat' dir='ltr'>(el.</span> <span class='ocrx_word' id='word_1_394' title='bbox 1160 3811 1225 3864; x_wconf 89' lang='lat' dir='ltr'>Hor.</span> <span class='ocrx_word' id='word_1_395' title='bbox 1242 3812 1322 3880; x_wconf 89' lang='lat' dir='ltr'>epod.</span> 
     </span>
     <span class='ocr_line' id='line_1_40' title="bbox 147 3900 1324 3971; baseline 0 -15"><span class='ocrx_word' id='word_1_396' title='bbox 147 3910 169 3968; x_wconf 81' lang='lat' dir='ltr'>l,</span> <span class='ocrx_word' id='word_1_397' title='bbox 188 3911 205 3956; x_wconf 84' lang='grc'><strong>3</strong></span> <span class='ocrx_word' id='word_1_398' title='bbox 227 3901 369 3956; x_wconf 79' lang='lat' dir='ltr'>Hibericis</span> <span class='ocrx_word' id='word_1_399' title='bbox 388 3906 499 3969; x_wconf 77' lang='lat' dir='ltr'>peruste</span> <span class='ocrx_word' id='word_1_400' title='bbox 516 3901 632 3966; x_wconf 71' lang='lat' dir='ltr'>funibus</span> <span class='ocrx_word' id='word_1_401' title='bbox 655 3901 729 3955; x_wconf 80' lang='lat' dir='ltr'>lotoe</span> <span class='ocrx_word' id='word_1_402' title='bbox 753 3904 782 3955; x_wconf 87' lang='lat' dir='ltr'>et</span> <span class='ocrx_word' id='word_1_403' title='bbox 806 3901 887 3970; x_wconf 87' lang='lat' dir='ltr'>epist.</span> <span class='ocrx_word' id='word_1_404' title='bbox 907 3900 917 3951; x_wconf 96' lang='lat' dir='ltr'>l</span> <span class='ocrx_word' id='word_1_405' title='bbox 940 3907 981 3966; x_wconf 85' lang='grc'>10,</span> <span class='ocrx_word' id='word_1_406' title='bbox 1000 3906 1034 3953; x_wconf 78' lang='grc'>41</span> <span class='ocrx_word' id='word_1_407' title='bbox 1059 3902 1125 3955; x_wconf 79' lang='lat' dir='ltr'>loris</span> <span class='ocrx_word' id='word_1_408' title='bbox 1142 3918 1199 3956; x_wconf 75' lang='lat' dir='ltr'>reon</span> <span class='ocrx_word' id='word_1_409' title='bbox 1216 3904 1324 3971; x_wconf 71' lang='grc'><strong>01010),</strong></span> 
     </span>
     <span class='ocr_line' id='line_1_41' title="bbox 146 3988 1323 4057; baseline -0.004 -11"><span class='ocrx_word' id='word_1_410' title='bbox 146 4004 240 4046; x_wconf 74' lang='lat' dir='ltr'>tamen</span> <span class='ocrx_word' id='word_1_411' title='bbox 261 4007 317 4044; x_wconf 90' lang='lat' dir='ltr'>uon</span> <span class='ocrx_word' id='word_1_412' title='bbox 336 3988 428 4041; x_wconf 87' lang='lat' dir='ltr'>minus</span> <span class='ocrx_word' id='word_1_413' title='bbox 447 3993 523 4042; x_wconf 83' lang='lat' dir='ltr'>reete</span> <span class='ocrx_word' id='word_1_414' title='bbox 547 3988 650 4042; x_wconf 89' lang='lat' dir='ltr'>dicitur</span> <span class='ocrx_word' id='word_1_415' title='bbox 670 3989 824 4057; x_wconf 80' lang='lat' dir='ltr'>‘flagellum</span> <span class='ocrx_word' id='word_1_416' title='bbox 843 3990 961 4043; x_wconf 90' lang='lat' dir='ltr'>inuritur</span> <span class='ocrx_word' id='word_1_417' title='bbox 979 3989 1087 4055; x_wconf 88' lang='lat' dir='ltr'>alicui‘,</span> <span class='ocrx_word' id='word_1_418' title='bbox 1107 3991 1180 4057; x_wconf 85' lang='lat' dir='ltr'>quod</span> <span class='ocrx_word' id='word_1_419' title='bbox 1200 4007 1233 4044; x_wconf 84' lang='lat' dir='ltr'>ex</span> <span class='ocrx_word' id='word_1_420' title='bbox 1252 3990 1323 4042; x_wconf 82' lang='grc'><strong>8101.</strong></span> 
     </span>
     <span class='ocr_line' id='line_1_42' title="bbox 148 4077 1325 4147; baseline -0.003 -12"><span class='ocrx_word' id='word_1_421' title='bbox 148 4081 233 4135; x_wconf 86' lang='lat' dir='ltr'>Theb.</span> <span class='ocrx_word' id='word_1_422' title='bbox 256 4078 318 4132; x_wconf 91' lang='lat' dir='ltr'>Vlll</span> <span class='ocrx_word' id='word_1_423' title='bbox 347 4085 397 4131; x_wconf 84' lang='grc'><strong>709</strong></span> <span class='ocrx_word' id='word_1_424' title='bbox 424 4080 518 4132; x_wconf 70' lang='lat' dir='ltr'>inuam</span> <span class='ocrx_word' id='word_1_425' title='bbox 543 4081 708 4147; x_wconf 67' lang='lat' dir='ltr'>tenporibus</span> <span class='ocrx_word' id='word_1_426' title='bbox 735 4081 813 4133; x_wconf 77' lang='lat' dir='ltr'>uado</span> <span class='ocrx_word' id='word_1_427' title='bbox 838 4097 903 4133; x_wconf 81' lang='lat' dir='ltr'>aera</span> <span class='ocrx_word' id='word_1_428' title='bbox 928 4081 1020 4133; x_wconf 76' lang='lat' dir='ltr'>cedent</span> <span class='ocrx_word' id='word_1_429' title='bbox 1048 4079 1168 4146; x_wconf 87' lang='lat' dir='ltr'>aliisque</span> <span class='ocrx_word' id='word_1_430' title='bbox 1198 4077 1325 4132; x_wconf 85' lang='lat' dir='ltr'>defendit</span> 
     </span>
     <span class='ocr_line' id='line_1_43' title="bbox 149 4166 1322 4240; baseline -0.003 -16"><span class='ocrx_word' id='word_1_431' title='bbox 149 4168 340 4225; x_wconf 84' lang='lat' dir='ltr'>IFGronouine</span> <span class='ocrx_word' id='word_1_432' title='bbox 362 4166 481 4238; x_wconf 87' lang='lat' dir='ltr'>[elench.</span> <span class='ocrx_word' id='word_1_433' title='bbox 503 4168 585 4223; x_wconf 88' lang='lat' dir='ltr'>diatr.</span> <span class='ocrx_word' id='word_1_434' title='bbox 606 4187 631 4238; x_wconf 88' lang='lat' dir='ltr'>p.</span> <span class='ocrx_word' id='word_1_435' title='bbox 654 4175 704 4222; x_wconf 86' lang='lat'>193</span> <span class='ocrx_word' id='word_1_436' title='bbox 725 4169 782 4240; x_wconf 93' lang='grc'><strong>11.].</strong></span> <span class='ocrx_word' id='word_1_437' title='bbox 821 4185 870 4222; x_wconf 86' lang='lat' dir='ltr'>neo</span> <span class='ocrx_word' id='word_1_438' title='bbox 890 4167 964 4222; x_wconf 91' lang='lat' dir='ltr'>enim</span> <span class='ocrx_word' id='word_1_439' title='bbox 984 4184 1056 4237; x_wconf 87' lang='lat' dir='ltr'>quae</span> <span class='ocrx_word' id='word_1_440' title='bbox 1075 4184 1125 4236; x_wconf 89' lang='lat' dir='ltr'>pro</span> <span class='ocrx_word' id='word_1_441' title='bbox 1145 4167 1250 4219; x_wconf 78' lang='lat' dir='ltr'>tradiio</span> <span class='ocrx_word' id='word_1_442' title='bbox 1270 4166 1322 4220; x_wconf 78' lang='lat' dir='ltr'>‘in-</span> 
     </span>
     <span class='ocr_line' id='line_1_44' title="bbox 147 4256 1324 4328; baseline -0.003 -14"><span class='ocrx_word' id='word_1_443' title='bbox 147 4260 222 4314; x_wconf 80' lang='lat' dir='ltr'>mla’</span> <span class='ocrx_word' id='word_1_444' title='bbox 254 4257 438 4313; x_wconf 82' lang='lat' dir='ltr'>coniecerunt</span> <span class='ocrx_word' id='word_1_445' title='bbox 466 4257 591 4328; x_wconf 81' lang='lat' dir='ltr'>Scaliger</span> <span class='ocrx_word' id='word_1_446' title='bbox 616 4258 749 4324; x_wconf 75' lang='lat' dir='ltr'>&#39;inlusa&#39;,</span> <span class='ocrx_word' id='word_1_447' title='bbox 774 4257 902 4312; x_wconf 86' lang='lat' dir='ltr'>lVoesiue</span> <span class='ocrx_word' id='word_1_448' title='bbox 930 4257 1063 4322; x_wconf 81' lang='lat' dir='ltr'>‘innisa&#39;,</span> <span class='ocrx_word' id='word_1_449' title='bbox 1090 4256 1180 4324; x_wconf 78' lang='lat' dir='ltr'>magis</span> <span class='ocrx_word' id='word_1_450' title='bbox 1206 4260 1324 4325; x_wconf 85' lang='lat' dir='ltr'>possunt</span> 
     </span>
     <span class='ocr_line' id='line_1_45' title="bbox 147 4345 1322 4419; baseline -0.003 -15"><span class='ocrx_word' id='word_1_451' title='bbox 147 4350 266 4419; x_wconf 81' lang='lat' dir='ltr'>placere.</span> <span class='ocrx_word' id='word_1_452' title='bbox 306 4347 460 4417; x_wconf 81' lang='lat' dir='ltr'>‘turpiter’,</span> <span class='ocrx_word' id='word_1_453' title='bbox 480 4365 569 4418; x_wconf 84' lang='lat' dir='ltr'>poena</span> <span class='ocrx_word' id='word_1_454' title='bbox 596 4349 691 4404; x_wconf 89' lang='lat' dir='ltr'>seruili</span> <span class='ocrx_word' id='word_1_455' title='bbox 710 4348 792 4417; x_wconf 85' lang='lat' dir='ltr'>(Gell.</span> <span class='ocrx_word' id='word_1_456' title='bbox 813 4348 850 4401; x_wconf 92' lang='lat' dir='ltr'>Xl</span> <span class='ocrx_word' id='word_1_457' title='bbox 872 4351 923 4416; x_wconf 85' lang='lat'>18).</span> <span class='ocrx_word' id='word_1_458' title='bbox 962 4345 1104 4401; x_wconf 80' lang='lat' dir='ltr'>‘scribere&#39;</span> <span class='ocrx_word' id='word_1_459' title='bbox 1127 4362 1188 4399; x_wconf 89' lang='lat' dir='ltr'>cnm</span> <span class='ocrx_word' id='word_1_460' title='bbox 1210 4363 1322 4417; x_wconf 92' lang='lat' dir='ltr'>compo·</span> 
     </span>
     <span class='ocr_line' id='line_1_46' title="bbox 147 4433 1323 4509; baseline -0.002 -16"><span class='ocrx_word' id='word_1_461' title='bbox 147 4439 207 4493; x_wconf 76' lang='lat' dir='ltr'>niue</span> <span class='ocrx_word' id='word_1_462' title='bbox 227 4438 274 4509; x_wconf 79' lang='grc'><strong>(01.</strong></span> <span class='ocrx_word' id='word_1_463' title='bbox 295 4441 325 4492; x_wconf 87' lang='lat' dir='ltr'>et</span> <span class='ocrx_word' id='word_1_464' title='bbox 344 4436 424 4492; x_wconf 88' lang='lat' dir='ltr'>Hom.</span> <span class='ocrx_word' id='word_1_465' title='bbox 443 4439 473 4492; x_wconf 89' lang='lat' dir='ltr'>ll.</span> <span class='ocrx_word' id='word_1_466' title='bbox 495 4437 531 4490; x_wconf 95' lang='lat' dir='ltr'>lV</span> <span class='ocrx_word' id='word_1_467' title='bbox 549 4444 612 4507; x_wconf 85' lang='grc'><strong>139,</strong></span> <span class='ocrx_word' id='word_1_468' title='bbox 633 4438 684 4494; x_wconf 79' lang='lat' dir='ltr'>od.</span> <span class='ocrx_word' id='word_1_469' title='bbox 699 4437 776 4491; x_wconf 86' lang='lat' dir='ltr'>XXII</span> <span class='ocrx_word' id='word_1_470' title='bbox 790 4440 853 4505; x_wconf 75' lang='lat'>279)</span> <span class='ocrx_word' id='word_1_471' title='bbox 873 4436 983 4507; x_wconf 86' lang='lat' dir='ltr'>eaepiue</span> <span class='ocrx_word' id='word_1_472' title='bbox 1003 4435 1037 4488; x_wconf 89' lang='lat' dir='ltr'>de</span> <span class='ocrx_word' id='word_1_473' title='bbox 1057 4433 1142 4489; x_wconf 81' lang='lat' dir='ltr'>euloie</span> <span class='ocrx_word' id='word_1_474' title='bbox 1162 4436 1323 4505; x_wconf 78' lang='lat' dir='ltr'>sanguineis</span> 
     </span>
    </p>
   </div>
   <div class='ocr_carea' id='block_1_7' title="bbox 0 0 1478 4912">
    <p class='ocr_par' dir='ltr' id='par_1_7' title="bbox 0 0 1478 4912">
     <span class='ocr_line' id='line_1_47' title="bbox 0 0 1478 4912; baseline 0 0"><span class='ocrx_word' id='word_1_475' title='bbox 0 0 1478 4912; x_wconf 95' lang='lat' dir='ltr'> </span> 
     </span>
    </p>
   </div>
  </div>
 </body>
</html>
