2940 4912
144 283 212 346 440
603 281 689 336 LXIV
709 287 858 337 ele-see.

145 443 195 513 qui
217 441 277 497 iure
296 442 395 497 tertius
414 443 494 513 regni
509 443 625 513 Pelopei
643 442 724 497 heres
743 440 823 496 audit
838 442 930 512 (Hom.
947 442 978 497 Il.
994 441 1021 496 11
1037 445 1108 512 106).
1124 473 1156 483 -
1171 438 1241 497 848.
1258 440 1323 496 ulr-

145 533 228 588 tutee
247 531 390 599 claraque
410 531 502 586 faeta.
541 529 681 586 ‘uirtutes’
702 532 737 586 de
757 530 845 585 animi
863 531 1043 602 corporisque
1062 531 1189 599 dotibus,
1208 532 1242 585 nt
1260 536 1321 587 828.

147 621 230 692 Verg.
250 620 318 675 Aen.
338 619 392 673 VII
410 625 463 673 474
481 621 564 674 elaris
582 621 694 674 dextera
713 621 803 686 sectis.
824 651 856 660 -
876 619 943 675 849.
962 620 1141 677 fatebuntur
1159 621 1323 688 gnatorum

146 709 178 764 ln
198 710 305 764 funere
325 709 448 765 matres.
488 708 666 763 testabuntur
684 708 744 762 alia
761 724 844 778 uoce,
863 726 1033 779 quamquam
1051 709 1126 765 diras
1144 708 1175 764 iu
1193 726 1322 766 carorum

145 797 353 853 interfectorem
371 797 529 864 fundentes,
549 796 571 848 si
591 813 625 850 ex
644 796 744 851 Troiae
763 798 847 851 muris
865 797 938 852 filios
957 797 1018 852 neci
1036 798 1119 853 datos
1137 797 1245 854 uident
1282 797 1323 853 sic

147 886 221 943 enim
236 886 268 940 in
281 887 349 940 note
363 885 440 939 nocie
456 885 561 940 ‘sunus’
579 886 782 956 significatione
797 888 876 957 (Aen.
891 886 931 942 IX
947 893 999 942 626
1013 905 1082 958 puae
1094 889 1197 955 Ῑιιιιινο
1210 889 1324 945 Ternas

147 978 272 1044 ediderit)
292 975 432 1044 explicare
452 974 548 1029 malim
567 979 626 1030 tam
645 976 682 1030 ob
700 974 832 1045 imaginis
852 977 980 1046 poeticae
995 977 1130 1033 maiorem
1145 977 1322 1049 splendorem

147 1081 232 1139 quam
260 1063 296 1119 ob
326 1063 478 1131 sequentia
507 1095 537 1103 -
564 1063 631 1118 ete.
655 1078 722 1118 cunr
749 1064 898 1119 incultum
922 1079 997 1121 cano
1021 1066 1143 1121 soluent
1165 1081 1184 1121 a
1206 1067 1323 1124 uertice

148 1155 274 1210 crinem.
294 1151 462 1207 describitur
471 1156 593 1207 metrum
603 1153 632 1206 in
642 1152 718 1208 tristi
728 1155 844 1222 aspectu
855 1153 948 1208 luctus
959 1154 1004 1221 (cf.
1015 1154 1096 1209 Hom.
1107 1154 1139 1210 ll.
1149 1155 1242 1210 XVIII
1253 1160 1323 1228 las).

149 1243 214 1297 dedi
239 1241 327 1297 uerba
351 1258 384 1296 ex
409 1241 605 1296 emendatione
625 1259 700 1296 mea:
726 1241 871 1297 ‘lucinium
890 1258 974 1297 canos
994 1244 1107 1298 solueut
1123 1260 1141 1297 a
1159 1264 1187 1299 u.
1206 1246 1321 1302 crimeu’

148 1332 173 1389 V
196 1331 326 1385 habuisse
351 1330 463 1383 uidetur
483 1329 527 1399 (cl.
549 1347 646 1400 appar.
666 1329 752 1399 τοι),
776 1329 925 1398 inquibus
946 1331 1059 1385 ‘crines'
1080 1335 1196 1403 propter
1215 1335 1321 1391 ‘canos’

150 1420 280 1475 nimirum
305 1417 330 1475 (l
354 1418 488 1489 reposuit.
526 1419 599 1473 unde
619 1419 684 1472 ltnli
707 1436 740 1472 ex
766 1419 928 1474 coniectura
946 1419 1097 1477 effecerunt
1116 1423 1156 1477 ‘in
1176 1423 1324 1493 ciuerem’;

149 1509 224 1578 quod
249 1510 308 1563 siue
332 1525 382 1576 pro
407 1509 450 1561 ‘nt
474 1507 565 1563 cinere
590 1509 769 1578 spargentur’
791 1509 883 1577 (Hom.
903 1508 934 1566 ll.
954 1510 1046 1564 XVIII
1065 1515 1110 1578 76)
1134 1511 1193 1566 siue
1211 1529 1263 1583 pro
1283 1515 1326 1570 ‘nt

150 1598 282 1654 cadaueri
310 1600 401 1667 (rego)
430 1597 593 1651 iniciuntur’
620 1596 712 1665 (Ouid.
738 1602 803 1653 met.
829 1598 867 1651 lII
891 1604 955 1667 606,
984 1598 1066 1654 Hom.
1091 1599 1143 1655 Od.
1167 1600 1258 1655 xxiv
1281 1608 1326 1672 46)

149 1687 296 1758 eccipItur,
314 1686 434 1757 pessime
453 1703 482 1740 sc
497 1686 584 1741 habet
598 1704 615 1741 n
630 1686 770 1741 latinitate
786 1687 924 1756 nimisque
939 1688 1045 1743 recedit
1059 1705 1077 1742 a
1090 1687 1192 1744 litteris
1205 1691 1326 1747 traditis.

149 1794 201 1833 nee
220 1777 295 1846 quod
314 1775 447 1831 Astatius
468 1774 588 1830 coniecit
607 1775 747 1830 ‘incuruo'
768 1776 870 1830 melius
889 1779 940 1845 est,
960 1776 1098 1845 siquidem
1117 1777 1146 1832 id
1166 1780 1241 1848 quod
1260 1781 1327 1835 anni

150 1882 216 1920 sene
240 1865 374 1920 conuenit
399 1864 433 1917 ad
462 1864 596 1919 uerticem
622 1864 695 1919 male
720 1865 895 1920 transfertur.
938 1866 1027 1920 crines
1050 1867 1160 1922 soluere
1183 1869 1328 1939 comisque

150 1955 242 2026 passis
261 1955 301 2008 ire
321 1970 460 2023 porroque
480 1953 586 2007 nullnsn
607 1953 709 2007 hebere
731 1970 825 2008 earum
844 1972 947 2022 curam,
967 1957 1062 2026 magni
1082 1958 1174 2012 luctus
1194 1962 1238 2012 est
1257 1959 1328 2015 iudi·

151 2044 238 2112 cium;
264 2045 298 2098 cf.
319 2043 438 2111 interpp.
460 2042 496 2095 ad
516 2040 599 2111 Verg.
619 2043 686 2096 Aen.
707 2042 719 2095 I
738 2048 791 2098 480
809 2045 932 2099 crinibus
950 2045 1056 2099 Iliades
1071 2048 1164 2114 passis
1188 2051 1217 2102 et
1236 2048 1274 2103 llI
1294 2057 1329 2105 66

150 2135 261 2189 Iliades
288 2135 389 2188 crinem
417 2133 449 2186 de
478 2148 551 2186 more
573 2133 689 2198 solutoe,
714 2133 794 2188 Ouid.
819 2132 900 2202 epist.
926 2139 950 2199 9,
971 2140 1021 2188 lte
1046 2136 1159 2190 iecrdtis
1183 2143 1329 2208 captorum

151 2240 223 2279 more
241 2223 362 2292 caprilis,
384 2222 447 2277 fest.
468 2221 506 2275 ΙΙΙ
525 2227 592 2288 470,
613 2221 683 2276 Stat.
704 2222 790 2276 Theb.
812 2222 848 2275 VI
868 2229 902 2277 32
921 2240 1033 2292 sparsere
1052 2228 1076 2278 et
1095 2226 1228 2281 incsdtarn
1246 2229 1331 2294 serati

150 2317 265 2384 puluere
294 2313 414 2368 barbam.
459 2310 555 2379 itaque
586 2313 618 2365 nt
645 2310 771 2366 litterula
797 2311 831 2365 ‘s’
858 2311 1040 2382 dittographa
1062 2313 1157 2368 deleta
1180 2317 1210 2369 et
1233 2316 1326 2374 ‘cano’

153 2403 284 2458 restituto
303 2401 358 2456 iam
380 2400 508 2456 ‘uertice’
529 2417 609 2454 suum
630 2400 731 2470 recipit
749 2399 917 2455 attributum
936 2402 1107 2471 respondens
1124 2402 1167 2457 illi
1182 2405 1329 2474 ‘putrida'‚

153 2492 194 2547 ita
217 2509 251 2546 ex
274 2489 406 2545 ductibus
432 2489 590 2544 ‘inciuium'
611 2489 686 2543 ultro
706 2490 847 2544 enascitur
867 2490 1037 2545 ‘incultum'.
1077 2491 1106 2545 ‘a
1123 2493 1257 2562 uertice'‚
1281 2495 1330 2550 ubi

154 2580 283 2634 nimirum
303 2579 332 2633 in
352 2579 454 2634 nodum
475 2580 536 2633 erat
550 2578 698 2633 collectus:
719 2578 780 2633 Sen.
797 2578 896 2634 Trood.
912 2585 946 2634 99
960 2580 1092 2634 soluimus
1106 2597 1196 2634 omnes
1210 2582 1331 2637 lacerem

153 2671 237 2725 msdto
260 2671 355 2736 same
379 2669 495 2735 crinern,
519 2684 595 2722 corno
617 2669 733 2722 dereiasa
756 2674 795 2722 ert
818 2669 904 2722 libera
927 2669 1005 2723 nodo.
1044 2671 1166 2723 ceterum
1191 2670 1215 2723 ei
1235 2671 1331 2726 ‘canos

154 2757 255 2812 crines’
282 2755 352 2810 uelis
376 2758 512 2824 retinere,
538 2757 667 2811 ‘inculte'
693 2756 855 2811 restitutum
881 2756 979 2812 eodem
998 2757 1103 2826 redire,
1127 2759 1174 2813 uix
1193 2762 1331 2830 estquod

154 2863 291 2900 moneam.
311 2876 343 2886 -
365 2846 432 2901 etr.
452 2845 635 2914 putridaque
656 2846 786 2900 lnssrmls
805 2845 968 2901 uariabant
982 2847 1107 2915 pectora
1121 2848 1241 2917 palmis.
1280 2868 1330 2920 ps·

154 2936 238 3005 pillas
258 2935 388 2989 flaccidas
408 2938 437 2989 et
455 2934 546 2989 uiehs
562 2935 638 3003 (Hor.
658 2935 739 3005 epod.
759 2941 784 3003 8,
805 2942 820 2989 7
836 2953 966 2990 mammae
977 2941 1082 3005 patrea,
1100 2936 1194 2991 Attius
1208 2940 1281 3009 trag.
1297 2944 1331 2994 66

155 3041 254 3092 corpus
268 3026 351 3078 arnis
361 3028 482 3093 putret);
502 3041 552 3078 nec
567 3024 658 3078 miuus
673 3024 813 3078 ‘infirmis‘
830 3025 864 3079 de
880 3025 995 3092 anchus,
1010 3027 1042 3079 ut
1056 3030 1115 3079 606.
1146 3026 1332 3098 ‘uariabunt’‚

156 3115 292 3183 pulsando
308 3113 398 3167 liuida
413 3113 530 3167 reddent
545 3114 647 3182 (Plaut.
663 3113 720 3167 mil.
736 3113 806 3184 glor.
822 3120 875 3168 716
890 3116 987 3168 uarios
1001 3117 1098 3185 scirpis,
1112 3114 1182 3185 prol.
1198 3116 1281 3172 Poen.
1297 3124 1332 3173 26

156 3204 302 3256 scortentur
325 3204 414 3271 stirpis
439 3207 462 3255 rt
486 3202 552 3256 loris
575 3202 673 3269 ᾱονιι),
698 3204 729 3254 nt
753 3201 851 3256 itidem
875 3202 1018 3257 faciebant
1040 3204 1068 3258 in
1097 3204 1175 3258 luctu
1198 3205 1332 3261 feminae:

157 3296 223 3347 Aen.
244 3293 255 3345 I
276 3298 326 3346 481
351 3298 374 3346 et
394 3299 491 3346 tunsae
506 3297 618 3361 pectora
632 3292 744 3361 pulcris.
767 3323 796 3331 --
817 3290 884 3346 853.
904 3294 990 3348 uelut
1009 3293 1116 3350 deneas
1130 3309 1333 3366 praecerpens

156 3396 273 3438 messor
311 3381 422 3436 nrlstas
451 3381 514 3435 sole
543 3379 599 3434 sub
626 3380 746 3435 ardeuil
775 3382 919 3438 flauentln
948 3383 1073 3439 demetlt
1099 3398 1184 3440 arua.
1231 3386 1333 3442 fundus

160 3469 293 3542 imaginis
313 3469 393 3527 Hom.
415 3471 445 3524 ll.
465 3471 502 3525 xl
523 3475 555 3523 67
576 3467 605 3524 οἱ
626 3466 654 3523 δ’
676 3464 742 3523 ὥστ’
763 3465 903 3540 ἀμητῆρες
923 3467 1047 3526 ἐναντίοι
1066 3467 1225 3542 ἀλλήλοισιν
1245 3472 1333 3546 ὄγμον

158 3559 328 3617 ἐλαύνουσιν
343 3556 449 3628 ἀνδρὸς
463 3555 588 3629 μάκαρος
603 3556 667 3614 κατ’
688 3556 815 3627 ἄρουραν
834 3562 930 3629 πυρῶν
951 3555 967 3628 ἢ
987 3559 1120 3630 κριθέων,
1139 3561 1173 3617 τοὶ
1194 3564 1226 3619 dt
1248 3562 1333 3635 δράγ-

157 3670 232 3721 ματα
251 3651 362 3718 ταρφέα
381 3652 489 3704 πίπτει·
510 3643 547 3712 o‘ic
569 3649 662 3718 Τρῶες
682 3648 730 3702 καὶ
749 3645 848 3717 Ἀχαιοὶ
864 3645 910 3704 ἐπ’
927 3646 1068 3719 ἀλλήλοισι
1082 3648 1220 3721 θορόντες
1234 3653 1332 3726 δῄουν.

157 3741 230 3793 unde
239 3756 322 3809 saepe
334 3739 458 3794 metendi
469 3740 582 3795 uerbum
592 3744 688 3793 notum
699 3744 741 3793 est
749 3739 784 3793 ad
793 3757 901 3809 pugnas
911 3738 1187 3809 bausferrifflorod.
1195 3742 1232 3796 IV
1240 3750 1281 3811 14,
1290 3752 1334 3812 31,

159 3831 240 3899 Verg.
260 3829 374 3911 Aen}
393 3833 464 3895 513).
505 3830 709 3898 ‘praecerpens’
736 3829 838 3897 (Apoll.
864 3827 952 3883 lthod.
979 3828 1016 3882 ΙΙΙ
1043 3834 1110 3884 leet
1132 3829 1334 3902 προτάμωνται

157 3914 293 3987 ἀρούρας)
308 3917 441 3972 Astatiae
457 3934 506 3987 pro
521 3918 626 3972 tradito
642 3919 859 3988 ‘praecernens'‚
879 3935 949 3986 quac
964 3934 1017 3971 nox
1031 3917 1113 3972 nihili
1128 3923 1179 3988 est,
1199 3925 1332 3991 reposuit.

158 4026 328 4079 quamquam
347 4005 401 4061 leci
417 4005 530 4061 collecti
541 4007 715 4062 dubitantem
727 4024 771 4061 me
782 4006 897 4073 iaciunt,
913 4025 978 4060 uum
989 4007 1074 4061 uerbo
1085 4007 1183 4063 illihic
1194 4008 1232 4064 sit
1242 4012 1334 4079 locus;

158 4115 223 4152 nam
244 4096 324 4152 Ouid.
345 4096 428 4166 epist.
449 4102 490 4164 19,
512 4103 561 4150 146
581 4103 688 4152 nostres
703 4114 879 4166 praecerpere
896 4112 999 4159 presses,
1018 4095 1073 4148 Cic.
1090 4095 1167 4150 Verr.
1182 4098 1220 4150 1v
1236 4106 1278 4167 67,
1299 4109 1334 4157 80

158 4205 215 4244 reon
231 4204 379 4257 praecerpo
397 4190 516 4253 [reectum
533 4188 620 4254 ostiosi
634 4189 684 4253 tui,
700 4186 770 4239 Plin.
786 4186 812 4240 lr.
828 4205 854 4240 n.
870 4185 958 4239 XVIII
977 4189 1024 4236 177
1040 4184 1120 4236 boues
1134 4201 1168 4237 ne
1180 4189 1336 4255 puerinum

162 4283 255 4332 tenero
272 4283 453 4346 praecerpunt
472 4293 562 4330 sermo
582 4278 625 4330 est
644 4277 678 4328 de
697 4276 737 4330 eis
757 4293 828 4345 quac
848 4277 912 4328 ante
926 4272 1028 4325 iustum
1043 4273 1154 4337 tempus
1169 4281 1333 4346 carpuntur3

160 4370 192 4420 et
210 4366 302 4434 ipsum
323 4365 454 4436 carpendi
474 4365 589 4420 uerbum
610 4365 700 4418 minus
719 4364 764 4418 bic
779 4366 884 4433 aptum.
912 4359 1044 4413 usitatum
1061 4372 1123 4408 com
1143 4359 1181 4411 sit
1201 4362 1334 4422 ‘mensem
