2940 4912
143 335 186 402 43
585 335 871 393 I’ltOLEGOIIENA.

145 510 257 570 tionem
281 528 347 569 sese
370 510 516 568 extollant
540 501 613 589 (huc
637 526 680 566 ex.
703 527 748 584 gr.
772 508 852 567 refer
880 506 955 565 illud
979 499 1049 584 ‘que
1075 556 1102 568 ..
1127 501 1180 587 et',
1203 509 1240 569 de
1264 530 1325 586 quo

145 608 206 666 dixi
220 609 258 667 ad
277 601 351 686 16).
385 626 439 666 nec
454 606 606 665 minimam
626 607 756 683 gratiam
771 606 883 666 Catulli
902 607 997 666 uerba
1015 607 1085 666 inde
1100 608 1325 684 nanciscuntur,

145 708 224 784 quod
251 707 385 764 Ter-eutii
418 709 448 765 et
480 706 558 781 siqui
586 704 639 763 alii
666 708 750 764 casta
777 705 984 781 castigataque
1016 705 1122 781 lingua
1151 706 1247 765 latina
1274 727 1324 767 ex-

146 806 259 866 cellunt
281 805 433 880 propriam
456 823 622 881 puramque
641 805 801 864 dictionem
820 803 963 863 referunt.
997 821 1087 879 quam
1106 806 1197 880 poeta
1219 809 1326 865 noster

118 971 132 984 ,
146 902 282 963 Veronae
306 902 448 963 educatus
478 922 513 961 ex
536 904 721 963 anteriorum
749 901 870 974 illorum
898 901 1026 960 lectione
1055 894 1191 982 (praeter
1214 902 1324 962 'Peren-

145 1002 221 1061 tium
244 1002 433 1078 tragicosque
457 1020 547 1077 supra
575 1001 669 1061 dictos
693 1000 789 1058 Ennio
812 999 939 1058 maxime
964 1003 995 1059 et
1018 999 1133 1059 eroilio
1157 1000 1238 1059 haud
1262 1020 1324 1060 me·

146 1099 274 1160 dioerem
299 1118 419 1177 operum
448 1119 576 1159 nauasse
604 1090 739 1179 uidetur)
766 1097 910 1157 addidicit
937 1099 1034 1174 magis
1058 1117 1147 1175 quam
1172 1100 1242 1158 uiuo
1267 1119 1325 1159 usu

145 1199 265 1275 penitus
294 1198 410 1257 inbibit.
457 1200 548 1274 unde,
577 1197 721 1274 quidquid
750 1200 854 1271 postea
878 1196 988 1255 Romae
1019 1198 1202 1257 urbanorum
1230 1199 1324 1258 homi-

146 1317 216 1357 uum
246 1297 277 1356 in
308 1297 425 1356 circulis
454 1300 592 1356 uersatus
620 1295 749 1355 excoluit
778 1294 923 1354 sermonis
952 1295 1147 1371 elegantiam,
1176 1295 1323 1356 remansit

146 1399 247 1455 tamen
273 1414 308 1454 ex
331 1395 384 1453 illa
402 1394 549 1471 pueritiae
568 1394 685 1453 ratione
704 1394 817 1470 aliquid
837 1392 933 1468 magis
952 1394 1084 1469 priscum
1103 1413 1192 1469 quam
1212 1413 1255 1453 ex.
1273 1413 1319 1469 gr.

146 1494 259 1554 habent
278 1494 428 1553 Ciceronis
448 1492 595 1568 epistulae
613 1492 843 1568 habueruntque
868 1494 932 1552 sine
957 1493 1046 1553 dubio
1071 1492 1157 1552 Calui
1181 1493 1321 1552 earmina.

146 1597 177 1652 et
196 1592 226 1652 ln
246 1591 359 1652 catulli
377 1591 479 1651 uerbis
498 1590 736 1667 dictionibusque
756 1591 836 1650 haud
855 1592 957 1666 paucis
972 1593 1051 1668 quod
1066 1592 1210 1669 primaria
1229 1592 1321 1670 signi·

147 1690 247 1751 ficatio
266 1691 370 1767 purius
390 1708 478 1767 quam
497 1688 570 1748 alibi
589 1693 726 1765 apparet,
746 1709 781 1748 ex
800 1708 857 1748 usu
871 1690 1012 1766 loquendi
1027 1691 1202 1766 prouinciali
1218 1695 1323 1750 uetera

146 1789 260 1850 diutius
279 1790 427 1849 retinente
445 1808 504 1848 non
523 1788 568 1847 ita
586 1786 706 1846 difficile
726 1787 899 1864 explicatur.
933 1787 1000 1848 hinc
1020 1788 1112 1848 etiam
1135 1808 1196 1848 non
1213 1789 1322 1848 miran-

146 1889 218 1948 dum
242 1891 289 1948 est
311 1887 390 1964 quod
410 1888 622 1963 intercurrunt,
641 1884 750 1961 quibus
770 1887 913 1962 puerulus
933 1888 1128 1960 adsueuerat,
1149 1906 1236 1947 uoces
1255 1905 1323 1964 pro-

147 1986 303 2063 uiueiales,
328 1986 450 2046 auribus
475 1985 545 2045 illae
570 1975 618 2065 (ut
642 1985 672 2042 iu
692 2002 754 2059 cap.
768 1982 813 2041 IV
832 1983 1014 2058 uidebimus)
1033 1986 1171 2062 ingratae
1191 1985 1322 2056 urbanis,

147 2087 181 2144 ut
204 2082 317 2143 XCVII
342 2086 360 2144 6
380 2085 538 2159 plorarem
562 2087 592 2142 et
616 2083 743 2142 fortasse
772 2084 900 2150 basium,
929 2085 1044 2143 basiare
1067 2083 1233 2157 (testatio),
1254 2102 1325 2159 pra·

147 2184 245 2250 bobes,
270 2183 421 2242 curriculus
445 2174 494 2263 (ci.
516 2180 667 2254 Suessius,
692 2180 801 2242 Catull.
824 2202 853 2257 p.
872 2174 939 2262 46).
973 2182 1012 2241 ad
1035 2201 1202 2243 sermonem
1220 2187 1323 2242 autem

147 2280 325 2342 fauriliarem
354 2280 512 2340 referenda
540 2282 610 2339 sunt
638 2282 669 2337 et
697 2278 882 2337 deminutiua
913 2279 1044 2355 plurima
1073 2271 1181 2361 (supra
1208 2301 1235 2356 p.
1257 2274 1324 2360 18),

148 2399 274 2457 (prorum
299 2398 371 2439 usus
395 2380 473 2456 apud
497 2383 634 2439 nostrum
659 2378 804 2438 latissime
826 2368 962 2458 palet*),
988 2381 1018 2437 et
1046 2379 1191 2438 uocabula
1213 2397 1324 2455 graeca

147 2480 297 2540 communi
319 2479 495 2556 plerumque
519 2497 575 2536 usu
604 2476 672 2536 inde
697 2495 714 2535 a
737 2475 853 2535 Lucilio
881 2479 912 2535 et
935 2474 1021 2536 Attio
1045 2477 1076 2535 in
1097 2476 1232 2553 linguam
1255 2477 1323 2536 lati·

147 2596 217 2638 nam
248 2580 368 2654 recepta
391 2568 440 2655 (ut
464 2579 647 2650 rorpoliuus,
672 2581 767 2643 corio,
791 2575 999 2649 coloproplms,
1023 2576 1172 2642 cinaedus,
1195 2576 1323 2649 crrpido,

148 2678 322 2752 epistolium,
351 2675 503 2740 allaborare,
533 2676 656 2741 minuce,
684 2692 913 2748 rrirrcmosynraem,
939 2675 1159 2749 palimpseslos,
1177 2693 1322 2748 papyrus,

143 2775 291 2848 pollices,
316 2772 479 2846 plumellas,
503 2772 616 2844 pluteo,
645 2775 793 2847 peceare,
821 2773 983 2848 ruptionem,
1013 2773 1163 2841 talentum,
1191 2791 1265 2832 reno
1293 2777 1323 2831 et

147 2864 275 2948 aerulo).
322 2888 418 2944 neque
442 2869 473 2927 in
497 2869 560 2927 eius
585 2870 778 2944 carminibus,
808 2889 883 2945 quae
908 2869 1074 2929 inuectiuas
1098 2870 1261 2943 continent,
1286 2888 1322 2928 ex

147 2968 291 3027 sermonis
315 2966 469 3025 cottidiani
495 2966 590 3026 forma
609 2967 728 3042 uulgari
751 2967 846 3026 uerba
865 2971 895 3026 et
914 2967 1057 3028 dictiones
1080 2967 1201 3029 infimae
1223 2967 1321 3045 plebis

147 3068 283 3143 proprias
307 3065 464 3124 adsumere
489 3065 647 3124 dubitabat
669 3068 785 3140 noster,
813 3067 868 3124 hoc
892 3085 1010 3142 quoque
1038 3085 1098 3125 una
1121 3086 1188 3125 eum
1211 3067 1319 3127 ceteris

148 3160 273 3244 (Caluus
297 3164 333 3222 fr.
356 3165 394 3222 19
416 3163 454 3222 ld.
473 3165 625 3237 pcde‘cator
650 3155 815 3242 Caesaris),
844 3164 940 3224 ueluti
968 3182 1083 3233 occure,
1113 3167 1319 3240 coprimulpus,

218 3308 245 3377 *)
265 3308 299 3362 de
315 3307 497 3362 deminutiuis
513 3307 547 3363 cf.
564 3307 728 3361 LSchwabii
747 3306 818 3361 liber
833 3306 929 3362 Gissae
946 3314 1013 3363 1859
1029 3309 1130 3377 editus,
1146 3307 1322 3366 GMuellerus

150 3391 197 3445 ‘de
216 3391 330 3460 linguae
350 3390 455 3443 latinae
474 3389 666 3443 deminutiuis’
688 3386 801 3456 Lipsiae
817 3394 899 3456 raom
919 3391 967 3460 qui
986 3393 1062 3446 recte
1081 3391 1218 3447 adnotant
1236 3390 1323 3445 animi

148 3470 269 3526 maxime
295 3469 413 3524 affectus
437 3470 627 3524 deminutione
651 3468 769 3538 exprimi
793 3471 822 3523 et
846 3488 878 3523 ex
902 3469 957 3524 loci
982 3472 1198 3540 uniuscuiusque
1218 3486 1323 3524 conexu

147 3556 204 3605 tam
226 3567 309 3619 quam
329 3568 363 3605 ex
382 3551 459 3605 uocis
479 3550 640 3620 primitiuae
663 3549 868 3617 significatione
893 3549 969 3605 nasci
996 3550 1168 3606 differentIas
1187 3554 1217 3605 et
1235 3547 1321 3621 pluri-

148 3647 206 3685 mas
230 3637 259 3686 et
282 3630 494 3697 subtilissimas,
518 3629 629 3686 auraria
651 3629 754 3698 ubique
779 3632 884 3683 statera
907 3631 1081 3700 pendendam
1105 3630 1189 3686 modo
1212 3630 1322 3685 dulcem

147 3728 279 3776 amorem,
299 3711 382 3764 modo
401 3711 496 3765 odium
516 3718 546 3765 et
564 3713 771 3779 contemptum,
790 3714 850 3764 tnur
870 3711 994 3781 lepidam
1013 3717 1073 3766 tum
1093 3714 1196 3766 salsam
1214 3710 1323 3764 inrisio·

147 3809 219 3857 ueru,
240 3794 328 3845 etiam
344 3791 481 3845 infirmam
497 3791 705 3846 inualiditatem
727 3790 894 3859 exprimunt,
914 3810 997 3862 saepe
1013 3792 1048 3846 ad
1064 3795 1193 3847 ornatum
1208 3792 1321 3846 iaciunt

148 3877 176 3927 ot
195 3877 227 3926 ut
246 3870 393 3926 ‘Horatius
413 3872 441 3925 iu
462 3872 632 3926 carminibus
651 3872 707 3925 sere
723 3870 809 3938 nulla,
830 3869 858 3924 in
878 3872 971 3926 satiris
986 3877 1016 3927 et
1029 3871 1158 3943 epistulis
1173 3871 1322 3941 permulta,

148 3951 290 4021 Vergilius
309 3952 339 4005 in
353 3952 459 4021 eclogis
474 3952 610 4021 plurima,
629 3952 657 4005 in
673 3949 818 4019 Georgicis
837 3954 866 4005 et
884 3952 912 4005 in
928 3952 1051 4008 Aeneide
1066 3952 1140 4007 rara'
1161 3951 1322 4021 (Muellerus

147 4051 175 4103 p.
196 4037 239 4102 15)
260 4032 351 4102 *habet
373 4031 561 4099 ‹leminutiua‚
586 4034 625 4086 sic
649 4030 775 4086 Catullus
804 4049 899 4086 eorum
924 4033 1007 4102 longe
1032 4034 1114 4102 plura
1137 4032 1166 4087 in
1190 4032 1323 4088 breuibus

147 4112 286 4183 poematis
301 4111 432 4180 adhibet,
451 4113 585 4183 pauciora
599 4113 688 4166 inulto
703 4112 730 4166 in
747 4113 837 4166 doctis
853 4113 952 4181 (ueluti
966 4113 995 4166 in
1009 4129 1033 4165 c.
1049 4112 1127 4167 XVII
1143 4131 1274 4168 uersuum
1288 4120 1323 4168 26

148 4196 234 4248 habes
264 4193 393 4261 exempla
425 4192 546 4262 quinque
572 4195 724 4262 ponticuli,
751 4195 880 4259 raesulem,
904 4192 1013 4255 bimuli,
1035 4194 1165 4259 tremula,
1189 4195 1324 4263 tessellrdo,

148 4278 245 4329 contra
264 4273 293 4326 in
309 4272 395 4326 LXIV
411 4279 462 4327 407
483 4290 613 4326 uersuum
633 4292 688 4328 non
707 4273 770 4343 plus
788 4289 871 4343 quam
886 4272 992 4340 septem
1007 4272 1130 4337 lectulus,
1149 4276 1323 4336 munuscula,

148 4355 290 4420 labellum,
316 4355 481 4421 sripidulus,
504 4354 631 4418 aridulo,
655 4353 833 4423 leopardulo,
859 4350 989 4405 neonae.
1032 4351 1162 4419 exempla
1190 4358 1323 4410 accurate

148 4434 306 4504 composuit
319 4432 523 4502 FHeussnerus‚
540 4434 624 4488 ‘obss
640 4451 757 4505 gramm.
772 4433 800 4486 in
814 4429 896 4498 Cat’,
915 4427 1058 4496 marburgi
1074 4433 1152 4497 lasa,
1171 4448 1197 4500 p.
1214 4439 1250 4487 36
1260 4453 1321 4505 sqq.
