2940 4912
201 324 265 386 458
687 321 758 374 axv
777 328 891 376 44-44.

201 485 238 553 τῷ
262 479 414 555 ἀποδέσμῳ
436 483 626 553 παρεβύσατο.
664 482 698 535 cf.
719 482 872 551 stTurpil.
892 482 1077 536 444419611.
1096 498 1136 534 use
1154 483 1290 546 mucram,
1309 484 1377 550 qaid

201 571 302 641 aqum?
338 574 410 626 iuter
428 575 492 626 4144
510 574 628 640 epistula
646 573 748 625 accidit
766 573 842 636 usibs',
861 571 962 637 tafalia
979 571 1051 623 later
1071 572 1224 624 tussiculam
1241 588 1325 640 qaam
1343 588 1378 625 aa

200 663 324 729 atrofiam
348 663 560 717 conlocaueram.
598 661 684 715 etiam
702 660 748 714 hic
767 660 802 714 de
821 659 917 714 tunica
935 658 1074 713 discincta
1092 659 1186 727 cogita
1204 657 1251 728 (ad
1272 658 1375 713 ‘molli’

201 749 235 804 cl.
260 749 347 803 LXlV
373 754 443 817 1‘29).
464 781 496 790 -
516 749 564 804 22.
583 749 718 820 prosilit.
748 767 781 802 ex
804 749 868 802 sede
888 765 946 803 sua.
966 778 1000 789 -
1019 747 1186 803 cxautltur.
1223 748 1252 802 ui
1275 748 1377 802 eicitur

201 839 236 893 ad
252 837 375 893 suhitam
391 838 506 893 motum.
526 869 559 878 —
578 838 626 892 se.
646 839 736 905 atque
751 837 829 891 illud
844 850 942 906 prono
956 851 1102 906 praeceps
1116 838 1220 904 agitur
1234 837 1376 892 decursu.

202 929 238 982 ‘a
263 928 293 983 i.'
319 927 348 980 in
372 926 539 980 narrationis
567 925 777 980 continuatione
801 925 847 993 (ad
870 924 958 978 LXlV
984 929 1040 992 16),
1070 942 1126 994 qua
1153 925 1199 980 hio
1227 928 1377 979 exornatur

201 1015 322 1085 amplius
338 1016 440 1084 imago
479 1014 515 1068 ob
534 1015 630 1069 oculos
649 1016 735 1069 uerba
753 1015 853 1070 habuit
872 1014 954 1084 Verg.
970 1013 1002 1068 G.
1020 1016 1028 1067 Ι
1044 1020 1096 1068 203
1111 1021 1191 1084 atquc
1204 1015 1376 1083 4114414444-

200 1123 261 1175 ceps
280 1121 370 1175 prorsa
392 1105 469 1174 rapit
494 1105 591 1158 414444
614 1106 697 1157 amai.
735 1103 846 1159 Patron.
869 1109 918 1158 138
943 1105 1015 1158 iuter
1036 1104 1215 1172 praecipitem
1233 1106 1376 1159 demersam

202 1198 246 1263 (ex
264 1195 349 1262 arce),
368 1194 446 1248 anr.
469 1193 492 1247 V
512 1200 564 1248 946
583 1195 719 1248 4444111444
737 1211 751 1248 4
768 1194 875 1264 mapula
889 1195 1018 1247 44444444
1031 1194 1124 1262 aquai.
1162 1209 1212 1262 per
1226 1192 1375 1262 abruptum

201 1283 230 1336 in
248 1284 302 1337 tine
321 1281 471 1351 spondiaco
492 1299 603 1336 uersum
621 1283 655 1336 ad
676 1285 778 1337 terram
793 1281 893 1336 cadere
911 1282 1016 1336 malum
1031 1282 1112 1336 nobis
1127 1282 1255 1336 uidemur
1268 1282 1374 1336 audire.

203 1371 301 1436 ‘illic’,
325 1371 399 1441 quod
420 1371 443 1426 θ
467 1371 565 1436 habet,
590 1370 701 1424 uidetur
722 1371 813 1424 ortum
834 1388 867 1424 ex
885 1369 976 1424 forma
994 1371 1091 1424 scribis
1110 1370 1261 1425 insuetiore
1282 1369 1373 1424 ‘illuc'

201 1461 247 1527 (cf.
267 1460 288 1512 L
308 1460 448 1525 5,LXV11
470 1466 510 1526 16,
530 1459 634 1513 Neuius
649 1459 672 1512 11
688 1477 713 1527 p.
730 1463 801 1525 211).
818 1491 848 1499 —
866 1458 914 1514 14.
929 1458 998 1514 hulc
1013 1462 1115 1515 manat
1132 1457 1217 1514 trlstl
1236 1460 1375 1514 consutus

202 1564 255 1604 ore
283 1549 389 1604 rubor.
427 1549 515 1604 ‘huic’
542 1549 610 1617 (scil.
636 1547 758 1618 puellae)
782 1550 943 1618 oppositum
968 1550 1072 1618 441445
1098 1547 1202 1602 ‘illuct
1245 1548 1374 1616 ‘manat'‚
1411 1576 1418 1585 ·

202 1637 379 1705 diffunditur3
394 1637 496 1692 Paulus
511 1656 537 1708 p.
552 1644 602 1693 159
616 1654 729 1693 manare
742 1639 822 1692 solem
836 1639 946 1706 antiqui
959 1638 1094 1704 dicebaut,
1109 1654 1169 1692 cam
1182 1638 1247 1691 solis
1262 1639 1376 1693 arimatia

202 1729 278 1782 radii
296 1728 464 1796 splendorem
478 1730 565 1782 iacere
580 1729 739 1796 coeptaeeat3
759 1729 788 1780 et
801 1742 953 1796 conparare
968 1728 1104 1781 amabant
1116 1724 1232 1795 pudoris
1246 1727 1374 1782 ruborem

202 1833 265 1871 cum
283 1817 383 1870 rubore
400 1817 532 1883 Aurorae,
554 1821 587 1871 41
603 1816 722 1871 Laenius
740 1814 822 1883 (Geli.
843 1814 906 1869 XIX
925 1819 953 1884 1)
971 1819 1106 1869 Auroram
1125 1814 1240 1870 uocauit
1259 1817 1374 1884 pudori·

202 1906 324 1960 colorem.
354 1904 488 1961 ‘conscia'
511 1904 579 1975 (scil.
594 1903 697 1959 amoris
717 1902 827 1971 lurtiui;
846 1903 881 1957 de
901 1904 1003 1958 omisso
1022 1903 1132 1958 obiecto
1152 1901 1187 1959 cl.
1201 1902 1323 1974 interpp.
1339 1904 1375 1958 ad

203 1991 856 2063 8411.(141.14,3441444444444144)4441444114,
867 1992 940 2047 unde
950 1993 1133 2047 translatione
1142 1992 1235 2062 poetis
1244 2010 1377 2048 concessa

202 2084 294 2150 rubor,
305 2083 352 2152 qui
363 2101 396 2138 er
406 2082 483 2137 mala
492 2082 664 2137 couscientia
671 2082 793 2152 profluit,
803 2082 905 2137 dicitur
914 2083 1065 2138 ‘conscius‘
1074 2083 1245 2152 (germanice
1254 2083 1376 2137 ‘schuld-

202 2174 359 2241 bewusst’),
378 2176 411 2227 ut
429 2171 572 2226 simillime
592 2171 672 2226 Ouid.
693 2187 747 2225 am.
763 2170 787 2226 ll
809 2172 1108 2239 4344111114444414
1122 2186 1282 2239 parpsacus
1299 2174 1376 2226 ussa

201 2264 233 2317 iu
251 2280 302 2317 ora
317 2263 423 2331 pudor,
442 2259 504 2315 Seu.
524 2261 605 2315 Herc.
624 2261 643 2315 f.
663 2267 715 2315 692
730 2261 875 2330 pudorque
892 2275 968 2314 seraa
985 2261 1107 2314 emacim
1124 2260 1218 2313 saltas
1237 2262 1309 2329 tegit.

276 2351 393 2404 Carmen
422 2367 446 2404 4.
475 2349 532 2403 1444
557 2355 591 2404 60
614 2349 742 2403 Veronae
766 2348 902 2419 scriptum
925 2348 981 2402 iam
1004 2346 1064 2400 dixi
1087 2364 1148 2402 esse
1171 2348 1375 2418 praefationem

202 2441 343 2510 sequentis
371 2456 394 2494 c.
418 2437 519 2505 LXVI,
547 2454 669 2506 quocum
694 2453 751 2491 uua
773 2439 818 2491 est
838 2435 955 2491 missum
977 2437 1014 2491 ad
1039 2435 1175 2491 Ortslnm.
1216 2438 1320 2494 scimus
1342 2457 1376 2494 ex

203 2528 332 2584 va111b
347 2534 381 2583 36
395 2531 508 2598 poetam
522 2543 607 2580 unam
622 2527 765 2597 capsulam
781 2543 815 2580 ex
829 2525 1003 2581 bibliotheca
1021 2543 1072 2580 rua
1085 2525 1211 2581 Romana
1229 2527 1376 2583 aduexime

204 2618 356 2672 Veronam:
376 2616 544 2672 continuisse
562 2633 623 2670 eam
643 2616 717 2670 iuter
734 2616 792 2671 alia
806 2616 943 2684 quaedam
959 2616 1094 2686 opuscula
1108 2613 1274 2670 Callimachi
1289 2617 1375 2671 etiam

202 2707 286 2773 illud,
306 2705 382 2776 quod
403 2703 547 2775 πλόκαμος
567 2707 718 2774 Βερενίκης
739 2704 954 2772 inscribebatur,
973 2704 1124 2759 admodum
1148 2709 1191 2758 est
1215 2705 1375 2761 uerisimile.

202 2813 257 2850 non
280 2795 349 2850 tulit
371 2796 493 2849 aetatem
516 2794 569 2849 hoc
588 2793 736 2848 Battiadae
759 2809 872 2862 poema;
895 2809 946 2847 uec
965 2809 999 2847 ex
1016 2793 1113 2862 paucis
1132 2793 1282 2863 paruisque
1301 2795 1374 2866 trag-

203 2886 304 2939 mentis
323 2884 526 2955 [Callimacbea
543 2883 587 2937 ed.
608 2882 818 2937 OSchueiderus
836 2881 862 2934 Il
881 2899 909 2950 p.
931 2887 981 2936 144
1000 2882 1074 2953 sqq]
1089 2886 1219 2938 accurate
1235 2886 1375 2952 quomodo

202 2990 316 3029 munere
335 2991 384 3028 suo
402 2974 498 3028 noster
517 2973 554 3026 sit
567 2973 678 3027 functus
691 2987 843 3041 agnoscere
858 2970 937 3037 licet;
956 2971 1071 3027 liberius
1087 2977 1115 3027 41
1129 2988 1162 3026 cx
1177 2976 1270 3028 mente
1286 2990 1374 3044 popu·

202 3063 312 3130 larium,
326 3062 408 3116 rebus
422 3063 490 3131 ipsis
505 3061 630 3131 integris,
645 3077 708 3115 sum
723 3060 834 3131 saepius
848 3061 967 3115 uertisse
977 3059 1060 3116 facile
1070 3060 1231 3118 conicimus.
1261 3079 1373 3117 4444414

202 3155 295 3206 autem
322 3151 453 3206 carminis
472 3149 653 3206 Callimachei
676 3151 749 3204 inter
768 3152 875 3204 ceteros
893 3150 978 3204 testes
997 3149 1103 3219 optime
1122 3150 1229 3205 indicat
1248 3152 1375 3222 Hyginus

202 3244 303 3295 astron.
324 3240 349 3292 ll
368 3246 403 3294 24
422 3239 475 3293 ita:
494 3244 560 3294 4441
578 3240 651 3293 aliae
668 3243 767 3307 septeni
785 3239 877 3293 stellas
896 3239 933 3293 ad
951 3240 1069 3294 caudam
1088 3240 1173 3294 leonis
1187 3241 1219 3294 iu
1233 3243 1375 3311 triangulo

204 3329 372 3397 conlocatae,
399 3347 469 3398 quae
496 3331 584 3384 aiace
611 3330 755 3383 Berenices
780 3344 834 3383 esse
863 3327 957 3383 04444
980 3328 1092 3384 Samius
1119 3332 1325 3386 mathematica
1351 3338 1376 3386 et

205 3419 388 3474 Callimachus
414 3420 489 3474 dicit.
527 3437 587 3473 cam
618 3419 791 3474 Ptolomaeus
818 3418 981 3486 Bereniceo,
1011 3418 1164 3474 Pwlomaei
1191 3426 1215 3474 et
1245 3423 1376 3476 Arsinoes

202 3510 338 3577 filiam),
367 3526 484 3565 sororem
507 3527 599 3576 suam,
626 3510 748 3564 duxisset
776 3525 887 3562 oaorem
911 3514 935 3562 st
953 3510 1054 3578 paucis
1073 3515 1138 3578 poet
1160 3510 1255 3563 dicbus
1277 3509 1376 3565 Asiam

274 3680 300 3750 ⁸)
319 3684 438 3750 apparet
456 3680 598 3751 Hyginum
622 3678 669 3733 hic
692 3678 733 3732 eis
751 3695 824 3747 quae
844 3694 877 3732 ex
896 3676 1082 3733 Eratosthene
1100 3678 1256 3748 adsumpsit
1274 3679 1375 3733 admis-

203 3761 293 3817 cuisse
311 3759 447 3814 nonnulla
465 3779 498 3815 ex
518 3759 718 3814 commentario
737 3759 857 3828 quodum
877 3756 1037 3813 Catulliana
1056 3759 1161 3828 petita,
1181 3760 1212 3811 41
1230 3758 1287 3811 iam
1307 3759 1373 3812 otim

202 3841 283 3896 Anal.
304 3839 404 3895 041411.
424 3859 450 3910 p.
468 3847 504 3895 24
522 3840 654 3896 indicaui.
693 3856 756 3893 uam
771 3839 938 3906 Romanum,
958 3855 1014 3893 non
1028 3839 1244 3894 Alexandrinum
1259 3837 1375 3893 doctum

202 3923 285 3977 dccet
311 3920 427 3975 indocta
453 3919 505 3975 illa
533 3920 679 3974 Berenices
703 3918 871 3987 Cyrenaicae
895 3924 924 3974 et
947 3920 1020 3987 cius,
1050 3935 1120 3987 4444
1144 3915 1291 3985 Euergetis
1315 3919 1376 3971 erat

203 4019 281 4057 soror
304 4018 451 4071 germana,
475 4000 612 4055 confusio:
636 4016 733 4053 ansam
757 3998 845 4054 errori
868 3998 947 4054 dedit
970 4018 995 4054 4.
1020 4005 1054 4053 22
1079 3996 1204 4052 ‘fratris'.
1243 3995 1375 4066 idemque

204 4083 346 4136 Romanus
370 4081 507 4150 interpres
532 4079 587 4133 iam
607 4095 743 4148 quaerens
762 4079 790 4134 in
810 4081 891 4134 huius
911 4080 1056 4135 Berenices
1074 4078 1135 4131 uita
1154 4077 1282 4130 ‘bonum’
1303 4077 1375 4132 illud

204 4162 333 4217 ‘lactum’
355 4181 381 4216 u.
400 4167 434 4215 21
454 4161 706 4226 conmemoratum,
725 4159 875 4228 adscripsit
898 4176 932 4214 ex
955 4156 1049 4214 nescio
1071 4172 1127 4224 quo
1150 4156 1227 4209 tonte
1247 4155 1275 4208 id
1300 4159 1375 4224 quod

203 4259 286 4313 porro
305 4242 379 4311 apud
399 4241 539 4312 Hyginum
559 4240 670 4310 legitur.
708 4240 855 4308 eidemque
873 4237 1021 4309 interpreti
1039 4235 1163 4291 attribuo
1178 4235 1279 4288 mirum
1294 4235 1375 4291 illum

204 4338 326 4376 errorem
345 4322 380 4375 dc
399 4321 478 4388 equis
496 4338 514 4376 4
533 4320 664 4376 Berenice
679 4318 754 4389 altis,
773 4336 855 4388 quem
870 4319 927 4373 iam
942 4316 1080 4386 Hauptius
1094 4313 1235 4368 intellexit
1248 4331 1282 4368 ex
1296 4334 1323 4370 u
1340 4322 1374 4371 14

204 4402 335 4469 corrupto
361 4399 480 4455 fluxisse.
522 4401 641 4470 denique
668 4400 755 4455 uerba
778 4400 830 4454 1114
854 4397 1020 4467 Hyginsaus
1045 4393 1153 4449 ‘Asiam
1178 4399 1375 4463 oppugnatum
