2940 4912
600 367 661 422 Lv1
681 376 709 436 o,
729 375 753 424 ι.
1199 369 1262 432 281

90 528 175 599 plano
198 528 242 585 sui
265 526 446 596 dissimilem,
475 528 629 599 inlepidum
654 529 897 597 inuenustumque.
938 530 996 582 tam
1021 545 1039 583 a
1062 527 1155 583 uerbis
1178 527 1266 598 igitur

89 634 175 688 quam
199 635 217 672 a
243 635 273 673 re
296 618 442 687 suspectus
466 617 623 687 dubiusque
646 618 731 674 locus.
774 618 839 672 hinc
863 617 992 688 digniora
1015 615 1126 672 Catullo
1150 618 1265 672 circum·

90 707 211 777 spiciens
230 723 294 762 mea
307 709 408 776 sponte
423 707 539 776 perueni
554 708 590 761 ad
605 708 660 763 loci
675 707 909 774 emendationem,
924 724 1008 776 quam
1023 708 1123 776 postea
1136 722 1169 759 ex
1184 709 1265 775 parte

91 796 150 850 nidi
163 799 353 867 praeceptam.
391 796 499 850 namin
514 795 637 851 editione
651 797 776 867 principe
792 798 847 850 iam
862 796 975 865 legitur,
990 797 1064 865 quod
1080 795 1173 850 Dousa
1187 797 1266 864 pater

90 888 121 939 et
138 883 267 939 IVossius
288 885 523 939 commendabant
540 885 741 955 recipiendum,
762 885 959 941 ‘crissantem'.
997 901 1050 955 ego
1069 882 1176 939 conieci
1193 884 1265 937 ‘cru-

90 974 222 1029 snntem'.
260 991 325 1028 nam
351 974 485 1027 ‘ernsure'
512 978 555 1028 est
577 975 668 1030 forms
690 975 828 1030 uetustior
851 974 1035 1043 (LMuellerue
1059 991 1158 1030 comm.
1178 971 1265 1026 Lucil.

90 1082 119 1132 p.
138 1066 200 1131 229)
220 1063 301 1117 uerbi
325 1063 467 1148 {crisaress
487 1063 654 1178 quowale
673 1064 759 1134 uulgo
779 1063 903 1119 scribunt
923 1063 1062 1119 ‘crissare’
1085 1063 1209 1131 (Lachm.
1229 1059 1266 1114 od

91 1153 171 1207 Luer.
195 1171 223 1222 p.
250 1156 323 1219 216).
360 1151 413 1206 hoc
439 1152 560 1206 ‘crusare
598 1153 644 1207 uel
669 1152 810 1221 ‘orisare'‚
835 1152 909 1221 quod
934 1152 1083 1206 adhibetur
1102 1152 1136 1205 de
1156 1150 1266 1205 feminis

90 1241 163 1296 iuter
186 1241 366 1296 concubitum
390 1242 469 1295 nates
492 1240 669 1296 uibrantibus
693 1243 824 1311 l‘oeuere'
845 1241 880 1296 de
900 1241 991 1310 uiris),
1015 1239 1185 1294 construitur
1203 1257 1265 1294 cum

91 1329 201 1396 datiuo:
231 1330 324 1400 Priap.
350 1335 391 1397 19,
415 1336 432 1384 4
461 1331 575 1385 conec
602 1333 654 1386 tibi
680 1333 830 1400 fluctuante
854 1332 951 1386 lavabo.
996 1329 1159 1400 superuenit
1181 1329 1268 1399 igitur

92 1421 178 1489 poeta
195 1417 262 1473 huic
281 1419 322 1473 rei
346 1436 411 1474 sane
435 1421 546 1475 iocosae
570 1420 768 1491 ridiculaeque.
806 1421 932 1475 luserant
950 1418 1060 1489 paruoli
1077 1419 1121 1473 illi
1141 1420 1184 1487 (ut
1197 1418 1267 1472 mibi

91 1506 214 1576 uidetur)
240 1506 373 1562 maritum
403 1507 596 1576 etiamnum,
625 1509 674 1565 sed
697 1514 729 1564 ut
752 1526 843 1564 rernm
868 1507 1058 1579 coniugalium
1083 1508 1206 1562 nondum
1232 1507 1267 1560 ad

91 1596 226 1651 amussim
246 1599 340 1652 essent
355 1597 452 1666 periti:
471 1599 604 1668 puerulus
618 1600 762 1668 tamquam
777 1598 877 1654 mulier
891 1616 975 1668 supra
989 1616 1018 1651 se
1032 1595 1154 1667 positum
1169 1596 1268 1651 babuit

92 1684 216 1755 puellam
241 1687 274 1739 ut
295 1684 387 1740 uirum
413 1686 494 1755 eique
514 1686 637 1742 erisauit.
674 1687 800 1742 inuersas
818 1688 906 1757 igitur
925 1704 942 1740 a
959 1686 1083 1755 paruolis
1102 1684 1268 1755 semignnris

90 1774 176 1829 merie
201 1773 381 1842 feminaeque
409 1776 502 1842 partes
530 1774 635 1830 inridet
663 1779 758 1829 noster
781 1776 810 1829 et
833 1774 906 1830 hanc
930 1773 1015 1828 sumit
1038 1789 1158 1844 poenam
1183 1775 1268 1842 (certe

91 1863 242 1933 sumpsisse
269 1878 299 1916 se
328 1866 445 1918 uenuste
471 1863 620 1932 lepideque
648 1863 759 1932 iactat),
787 1867 820 1917 ut
849 1864 996 1934 puerulum
1023 1880 1073 1932 pro
1105 1862 1211 1917 femina
1239 1876 1268 1913 se

92 1954 236 2023 pronum
255 1953 398 2019 tamquam
419 1951 553 2006 lerninam
571 1953 659 2007 faciat
677 1952 826 2007 muliebria
845 1953 917 2022 pati:
938 1985 971 1992 -
991 1954 1025 2022 6,
1052 1952 1081 2006 7.
1102 1951 1182 2007 huuc
1201 1965 1268 2023 ego,

91 2040 121 2097 sl
143 2040 246 2111 placet
263 2039 397 2111 Ilionae,
421 2040 542 2110 protelo
560 2040 662 2108 rigide
680 2056 746 2097 mea
764 2041 871 2097 cecidi.
909 2041 1100 2112 intellegimus
1120 2058 1201 2107 nuno,
1221 2058 1270 2093 cur

93 2129 183 2185 Dione
202 2132 447 2196 commemoretur;
468 2130 733 2200 quae'Westphalio
753 2133 811 2185 tam
831 2149 930 2201 parum
949 2132 978 2185 in
997 2132 1071 2186 bunc
1086 2131 1177 2185 locum
1192 2129 1269 2183 uide·

92 2219 176 2273 batur
192 2216 342 2287 quadrare,
361 2219 393 2271 ut
413 2216 543 2273 ‘Dianae'
565 2219 714 2287 coniceret,
733 2219 831 2273 adludi
851 2220 887 2273 ad
907 2219 1023 2274 Catonis
1041 2236 1151 2273 carmen
1171 2221 1268 2274 notum
1301 2223 1307 2237 ⁸

92 2310 178 2362 ratus.
215 2324 268 2362 nec
286 2310 382 2361 tamen
402 2310 521 2361 matrem
541 2308 656 2363 Veneris
675 2311 717 2377 (ut
736 2326 824 2378 nuper
845 2312 888 2363 est
907 2309 998 2362 uisum
1018 2307 1168 2362 secuudum
1188 2308 1269 2363 Hom.

92 2396 126 2451 11.
144 2397 169 2451 V
188 2400 267 2467 370),
291 2397 341 2450 sed
365 2397 454 2466 ipsam
479 2396 576 2452 diuam
596 2396 725 2467 Cypriam
751 2396 914 2468 saepissime
934 2397 1037 2451 Diones
1061 2395 1173 2451 nomine
1193 2396 1269 2451 uoci·

92 2488 182 2541 tatum
214 2485 421 2555 intellegamus.
468 2486 564 2541 subest
596 2489 689 2541 autem
716 2487 873 2542 recordatio
903 2487 1040 2555 quaedam
1067 2483 1204 2538 formulae
1234 2482 1269 2538 ‘si

94 2573 139 2628 dia
165 2574 287 2644 placet’;
318 2590 400 2642 qnam
430 2591 484 2628 non
514 2576 605 2630 solum
634 2574 786 2645 εἰρωνικῶς
812 2574 985 2631 adhibebant
1011 2575 1047 2628 ad
1077 2574 1269 2642 contemptum

93 2661 352 2733 indignationemue
373 2664 581 2734 exprimendam
601 2666 629 2718 in
653 2682 682 2719 re
706 2666 782 2720 mala
801 2667 843 2732 (nt
862 2682 903 2719 ex.
924 2683 963 2733 gr.
983 2664 1045 2718 Ter.
1060 2663 1112 2716 Ad.
1128 2662 1207 2730 1114,
1226 2668 1269 2731 90,

93 2750 162 2805 Eun.
189 2752 212 2804 V
241 2758 266 2819 3,
297 2755 354 2823 10);
382 2753 468 2807 immo
498 2770 531 2807 ea
558 2753 697 2807 interdurn
727 2755 755 2807 in
783 2754 857 2808 bona
885 2770 914 2807 re
938 2751 1016 2807 ualet
1039 2751 1096 2806 fere
1121 2750 1175 2804 ‘dis
1200 2751 1270 2806 bene

95 2841 283 2908 iuuantibus',
309 2843 340 2897 ut
359 2841 449 2896 Plaut.
470 2842 549 2911 Capt.
570 2842 593 2894 ll
615 2848 639 2911 3,
659 2848 693 2896 94
713 2845 841 2912 expedias·
859 2861 891 2896 ex
909 2843 1039 2896 cecitate
1056 2843 1159 2909 filium,
1183 2842 1208 2895 ai
1226 2842 1270 2894 dis

94 2932 185 3001 placet
208 2930 302 2999 (aliter
326 2931 354 2985 in
378 2950 406 2986 re
427 2931 521 2985 futura
540 2931 631 3001 Priap.
652 2939 694 2998 bo,
717 2934 750 3001 1).
787 2933 920 2986 nimirum
939 2931 1070 3002 placebat
1089 2930 1158 2984 haec
1178 2947 1271 2999 poena

96 3019 209 3087 Veneri,
236 3020 339 3090 qnippe
371 3038 432 3074 cum
461 3023 545 3089 poeta
574 3021 757 3075 ulcisceretur
780 3020 915 3075 uiolatam
941 3039 1000 3074 rem
1022 3036 1179 3075 ueneream.
1222 3018 1270 3074 ad·

95 3112 197 3163 nuento
224 3109 312 3179 igitur
335 3107 442 3163 Venere
467 3107 594 3163 Catullus
622 3110 769 3178 puerulum
798 3109 903 3179 caedit,
933 3128 987 3164 non
1017 3111 1059 3178 (ut
1087 3111 1167 3178 pater
1191 3126 1268 3178 prue-

96 3199 225 3264 oeptorne
244 3196 332 3250 iratus
351 3196 431 3266 lacit)
449 3198 526 3251 lenta
545 3198 634 3267 uirga,
653 3198 702 3252 sed
722 3215 755 3252 ea
773 3203 853 3268 parte
873 3200 997 3268 corporis
1018 3199 1068 3264 sui,
1089 3216 1144 3268 qua
1162 3198 1206 3251 uir
1220 3200 1271 3252 est.

96 3284 240 3355 ‘rigidus’‚
269 3289 301 3339 ut
326 3286 460 3354 ‘tentus’‚
485 3288 519 3340 de
544 3287 669 3341 mentula
693 3289 787 3361 erecta
811 3287 974 3354 adhibetur;
1006 3287 1045 3341 sic
1069 3288 1129 3356 ipsc
1155 3285 1271 3355 Priapus

95 3374 174 3428 audit
196 3372 289 3444 Priup.
315 3380 357 3439 to,
384 3381 396 3427 1
423 3377 532 3447 sipirtus
556 3377 634 3441 deus,
659 3375 817 3446 diciturque
840 3393 904 3445 pars
930 3373 980 3430 illa
1003 3378 1083 3429 tenta
1107 3375 1272 3444 simpliciter·

97 3462 220 3531 ‘rigida',
236 3464 268 3517 ut
283 3464 364 3531 Mart,
380 3463 418 3515 IX
433 3470 476 3528 47,
493 3471 509 3518 6
524 3466 555 3517 iu
569 3467 645 3518 molli
659 3466 777 3534 ripidam
793 3467 870 3520 clune
885 3467 997 3519 libenter
1011 3465 1099 3518 bobes.
1131 3464 1268 3517 ‘caedere'

95 3554 188 3606 nutem
217 3570 280 3606 eum
309 3552 473 3620 compositis
502 3553 636 3606 sollemne
665 3556 707 3607 est
736 3553 770 3607 de
799 3553 951 3607 intutione:
981 3551 1068 3606 Lucil.
1095 3551 1146 3604 Vll
1178 3558 1209 3605 19
1235 3551 1271 3605 Μ.

95 3642 215 3694 melam
234 3646 315 3709 utque
333 3658 456 3694 terrosum
476 3659 587 3695 sororem
606 3643 716 3696 caedum
730 3644 833 3711 potius,
853 3643 945 3711 Priap.
962 3648 1005 3709 96,
1027 3647 1059 3694 10
1073 3641 1149 3706 fureo
1163 3642 1272 3694 caedere

94 3730 240 3799 quemlibet
258 3729 380 3782 uolentes
399 3731 428 3782 et
448 3736 490 3798 16,
510 3737 526 3783 6
547 3732 683 3798 percisum
702 3733 767 3786 sciet
790 3749 843 3785 esse
867 3749 919 3796 cuc,
944 3731 1076 3799 Pompon.
1097 3737 1166 3784 corn.
1187 3735 1219 3783 82
1240 3731 1271 3783 R.

96 3835 168 3873 ιιιιιις
190 3836 222 3872 ea
244 3822 357 3887 propter
380 3836 420 3871 rac
448 3820 527 3892 cupis
555 3820 730 3888 corradere&
759 3822 934 3888 maximeque
959 3819 1014 3873 huo
1038 3819 1107 3872 tacit
1130 3819 1195 3872 Hor.
1220 3821 1271 3871 sut.

95 3906 119 3961 ll
142 3913 166 3974 1,
192 3913 225 3960 49
252 3924 434 3976 qaaecumque
457 3908 561 3976 excepit
585 3911 719 3979 torpentis
743 3911 857 3963 uerbera
881 3911 992 3963 caudae.
1031 3908 1142 3963 codices
1161 3908 1273 3960 uariant

94 3998 167 4051 iuter
191 3998 252 4066 ‘pro
277 3995 347 4049 telo’
374 4000 402 4050 et
427 3995 570 4064 ‘protelo’.
608 3997 678 4051 illud
702 3998 816 4052 retineri
841 3999 957 4052 fortusse
984 4001 1091 4067 posset,
1116 3997 1139 4049 si
1160 3995 1270 4049 ‘telum’

93 4086 256 4156 designaret
274 4085 391 4138 ferulam
412 4084 553 4155 magistri;
573 4104 645 4140 nunc
665 4087 752 4140 telum
767 4087 814 4140 uix
830 4088 912 4141 aliter
926 4085 1090 4155 intellegere
1105 4085 1172 4139 licet
1187 4102 1270 4151 quum

94 4174 250 4229 membrum
276 4170 358 4225 uirile
377 4172 480 4242 (Priap.
501 4181 525 4239 9,
548 4182 592 4243 14,
618 4175 705 4244 alibi).
744 4178 791 4229 sed
817 4175 891 4230 ‘loeo
916 4175 997 4228 huius
1017 4173 1066 4227 teli
1086 4190 1148 4227 mea
1166 4170 1270 4242 rigidu'

93 4264 229 4319 absonum
258 4262 308 4314 est.
352 4263 449 4316 contra
478 4264 609 4331 ‘protelo'
642 4268 685 4319 ost
713 4263 853 4319 ablatiuus
884 4262 1021 4332 (adnerbii
1051 4261 1112 4316 uice
1141 4261 1272 4332 fungens)

92 4353 193 4407 ductus
213 4368 230 4404 a
252 4349 344 4420 prisco
364 4351 539 4407 substantiuo
561 4354 741 4423 ‘pr-otelum',
761 4356 795 4408 de
816 4371 869 4421 quo
890 4353 924 4406 cl.
945 4352 1071 4420 Scaliger
1090 4350 1124 4403 ud
1144 4350 1223 4407 Vari.
1244 4353 1270 4406 d.

90 4462 111 4497 r.
131 4460 152 4496 r.
174 4441 211 4495 lll
235 4445 278 4505 16,
299 4444 344 4492 12:
365 4438 494 4509 designat
513 4442 677 4497 aduerbium
699 4443 765 4497 ‘uno
786 4444 905 4508 tenore',
926 4445 956 4494 ut
970 4441 1045 4510 apud
1066 4440 1142 4494 Lucr.
1163 4439 1200 4491 lV
1222 4447 1271 4493 190
