2940 4912
571 305 699 359 txvlfl·
717 312 759 360 so.
863 361 865 367 s
1185 302 1248 367 501

76 465 181 520 Birtius
210 483 281 521 mus.
304 466 392 520 Rhen.
417 464 532 519 XXXIII
557 484 583 534 p,
609 470 635 532 ὁ)
661 468 692 520 ut
715 466 859 528 inclinem,
884 466 955 518 facit
976 464 1061 520 insita
1085 464 1127 520 uis
1153 465 1250 530 maior,

76 554 170 623 potuit
187 554 261 608 enim
282 553 382 608 Melius
402 554 571 621 exclamare,
591 555 667 623 quod
686 555 745 623 ipse
764 555 892 608 Catullus
910 555 939 608 in
959 553 1046 609 simili
1064 573 1156 609 rerum
1176 557 1250 608 statu

77 641 221 697 XXXVIII
240 649 257 696 4
277 646 306 697 et
324 649 348 697 5.
385 644 465 698 ualet
482 643 569 712 igitur
592 645 646 698 hoc
666 641 828 698 ‘neutrius’r
847 660 882 697 ne
901 661 1005 713 paruae
1024 643 1135 712 quidem
1157 659 1248 697 conso-

76 729 204 801 lationis,
223 732 326 785 nedum
345 730 477 786 carminis
497 732 634 787 amatorii.
663 750 847 801 quamquam,
867 733 892 787 si
911 733 972 802 quis
991 733 1068 787 dicat
1086 733 1139 787 hoc
1157 732 1249 802 ipsum

77 836 191 874 carmen
209 836 291 890 posse
310 821 407 875 haberi
425 838 476 890 pro
495 838 584 890 parua
602 821 653 876 illa
671 821 864 890 adlocutione,
884 827 915 876 ut
933 821 989 876 iam
1006 822 1072 876 ‘uon
1091 820 1248 889 utriusque’

76 909 112 963 ad
131 909 249 963 uerbum
267 909 305 962 sit
322 909 543 980 intellegendum
565 911 633 965 ‘uon
651 910 768 965 alterius
788 926 898 979 quoque
918 928 935 964 a
953 914 981 965 te
999 910 1094 979 petiti,
1121 910 1251 963 carminis

77 997 230 1066 amatoriI’,
250 999 381 1066 equidem
399 1016 456 1052 non
474 998 557 1053 ualde
578 999 749 1069 refragator.
781 999 916 1069 quidquid
935 999 963 1053 id
983 1001 1036 1066 est,
1056 1015 1124 1053 caue
1142 1016 1177 1052 ue
1196 999 1250 1052 hoc

78 1089 144 1142 ‘nou
168 1088 326 1155 utriusque'
350 1087 434 1141 nimis
459 1105 587 1156 premens
609 1087 748 1142 delabaris
772 1088 807 1142 ed
832 1106 929 1159 nugas.
967 1087 1056 1142 ueluti
1079 1089 1108 1141 et
1130 1087 1197 1142 olim
1222 1090 1250 1140 et

77 1192 166 1246 nuper
191 1175 316 1245 fuerunt,
342 1177 389 1245 qui
417 1177 482 1232 hinc
507 1177 703 1231 concluderent
728 1177 844 1231 Malium
871 1178 942 1237 (siue
967 1175 1078 1230 illorum
1103 1176 1249 1244 Manlium)

75 1282 190 1335 rogasse
214 1266 302 1320 etiam
326 1264 482 1334 Catullum,
508 1267 541 1318 ut
566 1265 651 1320 libros
674 1267 810 1334 quosdam
835 1267 917 1320 daret
939 1267 1078 1330 mutuom3
1103 1265 1177 1333 quod
1203 1282 1248 1318 ex-

75 1355 220 1408 cusantem
245 1373 271 1408 u.
290 1361 407 1409 33-36
432 1355 539 1409 misisse
568 1358 664 1409 tamen
687 1358 800 1425 poetam
824 1356 943 1410 alterum
968 1354 1101 1424 petitum,
1129 1371 1248 1409 carmen.

76 1445 159 1512 haec,
179 1445 211 1498 ut
225 1444 296 1512 dixi,
311 1443 434 1514 ineptiae
450 1446 526 1512 suut,
546 1460 615 1512 quas
631 1445 734 1499 refutat
748 1447 879 1499 accurata
894 1443 1096 1514 interpretatio.
1126 1442 1247 1512 ‘copiam

76 1532 193 1602 ponere'
215 1550 277 1586 cum
297 1550 386 1601 neque
406 1533 542 1602 exemplis
561 1536 636 1602 aptis
655 1532 767 1601 quidem
786 1535 861 1602 (num
881 1533 917 1587 ab
936 1532 1035 1587 Elllsio
1053 1531 1151 1585 adlata
1168 1532 1250 1585 nauci

76 1623 152 1689 suut)
172 1637 263 1690 neque
285 1638 352 1676 uero
376 1639 409 1676 ex
428 1621 522 1675 indole
547 1621 624 1676 uocis
644 1622 769 1691 ‘ponere’
796 1622 944 1675 defendere
967 1622 1025 1674 ullo
1049 1622 1133 1675 modo
1155 1620 1249 1688 liceat,

77 1708 143 1763 Itali
164 1709 254 1764 ‘facta
272 1711 327 1764 est’
348 1710 434 1779 (quod
454 1712 508 1765 etsi
522 1711 642 1764 maxime
657 1710 805 1779 usitatum,
824 1712 856 1764 nt
872 1711 952 1764 Ouid.
969 1714 1033 1764 met.
1050 1710 1074 1762 ll
1090 1716 1149 1776 157,
1168 1709 1250 1762 nimis

77 1801 172 1852 tamen
197 1802 333 1853 remotum
358 1803 425 1869 est),
454 1799 647 1854 Froehlichius
671 1801 794 1877 ‘praesto
819 1800 871 1854 est’
897 1805 964 1866 (nou
992 1800 1084 1853 miuus
1107 1798 1250 1865 uiolente),

76 1887 249 1942 Ribbeckius
275 1887 404 1957 ‘porcta’
430 1887 531 1956 (forma
554 1887 691 1956 insolita),
720 1886 882 1940 Schwabius
907 1887 1010 1956 ‘parta’
1037 1884 1103 1954 (ipsi
1126 1884 1249 1954 parimus

76 1976 201 2045 copiam,
220 1992 292 2043 quae
306 1977 341 2030 ab
356 1977 420 2031 aliis
434 1976 515 2031 uobis
530 1979 655 2046 paratur)
670 1977 856 2032 coniecerunt.
885 1976 945 2045 ipse
961 1975 1029 2031 olim
1043 1975 1108 2029 dedi
1124 1974 1245 2043 ‘aperta’

76 2068 121 2133 (ι-
140 2067 308 2135 patefacta),
328 2084 346 2121 a
363 2068 502 2120 sententia
526 2073 600 2121 certe
620 2066 696 2135 quod
716 2070 807 2121 tutum
827 2069 881 2132 est,
906 2064 1043 2119 alitteris
1062 2067 1157 2118 tamen
1175 2081 1248 2117 nunc

76 2154 167 2224 magis
186 2154 256 2209 mihi
276 2155 370 2224 placet
390 2156 543 2224 ‘prompta’
565 2157 650 2224 (quod
672 2156 777 2225 ‘prote’
793 2155 835 2208 ita
849 2155 983 2223 scriptum
1000 2153 1083 2207 fuisso
1098 2152 1149 2206 tibi
1165 2152 1247 2221 finge,

76 2246 108 2296 ut
131 2243 167 2296 ‘r’
195 2243 289 2297 littera
312 2243 388 2296 illius
414 2243 450 2295 ‘s’
475 2243 620 2297 simillima
646 2260 732 2313 supra
754 2243 857 2297 lineam
881 2244 1013 2312 extaret):
1040 2241 1160 2310 ‘copiam
1185 2257 1246 2310 pro·

76 2348 151 2385 mere
171 2332 302 2401 petentI',
325 2330 456 2386 exhibere
481 2332 642 2386 facultatem
663 2332 748 2386 alicui
774 2350 893 2400 eumque
918 2331 1076 2401 compotem
1095 2330 1187 2384 facere
1207 2330 1247 2383 rei

76 2426 206 2489 rogatae,
226 2437 259 2473 ex
278 2419 361 2488 genio
385 2424 443 2474 tum
463 2420 614 2475 latinitatis
633 2437 715 2490 quam
735 2421 818 2474 huius
843 2421 897 2474 Ioci
920 2424 964 2475 est
982 2420 1097 2474 dictum.
1136 2417 1247 2473 ‘utrius-

78 2510 143 2577 que’
165 2512 258 2563 autem
278 2508 360 2562 nimis
379 2508 483 2562 nudum
504 2526 567 2562 cum
588 2511 662 2563 esset
680 2508 839 2578 offensioni,
860 2508 1026 2562 Parthenius
1044 2509 1169 2578 reposuIt
1189 2509 1245 2577 ‘pe-

76 2598 145 2666 titi’,
164 2598 262 2667 itaque
281 2600 422 2667 quondam
441 2599 527 2667 uulgo
547 2598 706 2667 legebatur3
725 2616 807 2666 quem
827 2600 851 2652 si
870 2598 945 2668 prius
965 2601 1076 2652 secutus
1095 2616 1169 2665 sum,
1192 2595 1247 2651 feci

76 2692 151 2742 metu
177 2705 211 2741 ue
237 2687 403 2754 ‘utriusque'
429 2688 502 2740 male
527 2688 675 2741 referretur
698 2687 732 2739 ad
758 2704 792 2742 ea
820 2703 891 2756 quae
915 2686 1039 2756 proxime
1067 2686 1244 2755 praecedunt.

74 2795 147 2831 nuuc
166 2777 215 2830 ubi
234 2793 375 2830 reuersum
400 2794 417 2829 a
441 2777 619 2845 degressioue
643 2778 754 2845 poetam
780 2778 881 2829 iterum
906 2778 994 2830 lotum
1020 2775 1125 2829 uersari
1144 2773 1172 2827 iu
1192 2789 1248 2827 una

76 2883 220 2918 munerum
247 2864 419 2934 cogitatione
447 2870 477 2919 et
505 2867 557 2919 hac
589 2865 702 2933 plenum
736 2865 808 2919 nude
837 2864 906 2917 illud
936 2864 1112 2932 ‘utriusque’
1142 2880 1246 2932 ponere

76 2952 199 3021 potuisse
214 2952 353 3021 intellexi,
368 2954 452 3007 redeo
468 2954 502 3006 ad
519 2953 685 3022 scripturam
702 2952 844 3021 traditam.
873 2958 902 3006 et
916 2953 1016 3007 lortius
1031 2970 1097 3007 saue
1112 2951 1243 3023 ‘petenti’

74 3041 144 3096 facit
171 3042 206 3095 ad
235 3041 439 3110 oppositionem
468 3040 522 3093 iam
551 3042 726 3108 sequentem:
754 3073 782 3080 κ
809 3039 858 3094 tc.
885 3040 969 3095 ultro
997 3055 1053 3107 ega
1081 3040 1244 3113 deferrem,

75 3131 162 3200 capla
182 3130 208 3183 sl
227 3143 286 3197 qua
312 3130 404 3184 foret
442 3129 636 3183 lubentissime
659 3132 689 3183 et
711 3131 770 3184 sine
795 3145 874 3183 mora
896 3130 924 3183 iu
948 3133 976 3184 te
1000 3130 1167 3196 conferrem,
1191 3128 1245 3183 tibi

75 3220 184 3285 darem,
203 3219 226 3272 si
245 3219 273 3272 in
293 3220 345 3272 hac
364 3235 456 3272 rerum
475 3235 598 3272 mearum
620 3220 783 3273 condicione
801 3221 923 3274 ualerem
939 3219 1008 3289 (sius
1024 3225 1171 3288 utrumque
1186 3219 1245 3273 siue

75 3308 207 3374 alterum,
235 3324 347 3361 carmen
379 3308 560 3375 amatorium3
593 3325 761 3377 quamquam
795 3310 895 3362 melius
925 3309 1103 3377 ‘utrumque’
1134 3309 1246 3362 uidetur

74 3396 259 3466 supplendum
279 3400 357 3464 esse).
396 3401 457 3451 erat
475 3396 528 3451 hoc
548 3398 633 3451 ‘ultro
654 3398 772 3451 deferre'
793 3397 882 3452 dictio
901 3398 1057 3465 sollemnis,
1082 3404 1110 3452 et
1130 3398 1244 3451 attende

75 3486 110 3539 ud
128 3486 336 3556 opposItionem
356 3486 383 3539 iu
404 3486 472 3540 locis
492 3485 547 3556 his,
568 3487 623 3542 (lic.
645 3487 679 3542 ad
701 3487 765 3539 lam.
787 3487 850 3540 Xlll
869 3494 911 3554 55,
934 3497 944 3540 1
971 3490 1019 3556 qui
1037 3490 1109 3541 ultro
1127 3490 1152 3540 ci
1170 3489 1243 3541 ‹lela-

75 3576 150 3629 lerim
174 3577 347 3646 leputiuaem,
370 3594 430 3630 crem
453 3578 546 3631 multis
568 3578 721 3647 petentibus
745 3578 926 3646 denepcssern,
951 3576 1016 3630 ibid.
1039 3575 1075 3627 IV
1097 3583 1142 3641 13,
1162 3583 1178 3629 2
1198 3595 1245 3631 nec

75 3666 141 3718 milii
159 3666 308 3735 qssidquam
327 3668 358 3718 ia
376 3673 487 3720 urentem
506 3668 582 3720 acuit
600 3671 706 3734 optare,
729 3666 801 3735 quud
824 3682 880 3718 reon
904 3666 976 3718 ultro
994 3666 1062 3718 milri
1082 3665 1182 3720 Ouesur
1200 3667 1243 3719 dc-

75 3755 180 3820 lulerr't,
200 3755 265 3807 llor.
281 3755 361 3824 epist,
378 3755 390 3807 l
407 3762 448 3822 12,
463 3762 496 3809 22
516 3756 608 3824 siquid
625 3760 709 3823 petel,
728 3755 800 3808 ultro
819 3755 905 3819 desem
925 3770 979 3822 quo
997 3752 1096 3806 ultimo
1116 3754 1244 3823 exemplo

75 3859 188 3909 caueae,
208 3860 241 3896 uo
261 3843 307 3897 hic
327 3843 424 3898 ‘ultro'
442 3842 633 3913 Interpretaris
650 3844 725 3898 ‘inea
739 3843 850 3912 sponte'
868 3844 926 3897 siue
942 3843 1104 3911 ‘autequam
1120 3844 1242 3912 peteres’

75 3935 140 4000 (quo
159 3936 242 4002 pactu
263 3932 349 3986 ‘ultro
367 3933 553 4000 detulissem',
577 3932 672 3986 statim
691 3931 821 3986 nuntiata
839 3930 965 4001 coniugis
990 3935 1056 3986 tuae
1077 3934 1178 3999 morte,
1198 3947 1243 3984 er·

75 4023 242 4090 posumus
263 4025 305 4075 cst
322 4023 429 4090 potius,
449 4025 480 4075 ut
496 4021 564 4076 alibi
583 4039 638 4075 nou
658 4039 727 4088 raro,
749 4021 854 4076 ‘auimo
873 4021 992 4090 purato’.
1024 4021 1118 4074 ‘foret’
1137 4021 1193 4074 iam
1208 4021 1243 4072 ad

77 4109 112 4162 IV
127 4116 144 4163 b
159 4111 253 4164 monui
269 4111 345 4180 apud
360 4114 484 4166 nostrum
500 4129 550 4180 pro
566 4112 662 4166 ‘essct'
679 4110 745 4180 poni
759 4113 804 4179 lcl'.
820 4109 925 4163 Neuius
940 4108 967 4164 d.
982 4110 999 4163 f.
1017 4110 1034 4163 l.
1051 4109 1072 4162 ll
1088 4128 1114 4179 p.
1131 4115 1182 4163 699
1193 4128 1243 4177 sq,

74 4202 103 4254 et
121 4201 156 4255 de
176 4219 227 4254 usu
246 4203 411 4270 scriptorum
432 4201 566 4269 Nipperd.
586 4201 621 4253 ud
640 4200 708 4269 Nep.
729 4198 791 4269 Lys.
812 4207 836 4266 3,
856 4201 889 4267 ὁ).

145 4290 264 4344 Etiamsi
288 4289 415 4344 Catullus
439 4307 492 4343 non
517 4291 704 4357 adfirmasset,
733 4307 761 4341 su
790 4290 825 4343 ad
854 4289 1023 4358 pectendum
1049 4306 1120 4342 uunc
1144 4306 1242 4359 parum

74 4382 173 4449 aptum
202 4397 272 4444 esee,
301 4381 328 4433 id
359 4382 453 4432 tamen
477 4379 567 4448 ipsum
594 4397 706 4433 cutmen
729 4378 796 4431 satis
825 4380 1010 4448 patefaceret,
1038 4378 1241 4453 quippe-quod
