2940 4912
562 328 650 382 LXIV
670 332 819 382 998-990,
1213 328 1276 393 431

102 484 181 538 sione
192 482 274 537 Tusc.
286 482 312 534 ΙΙ
325 488 366 547 10,
376 489 410 537 2³
425 486 539 553 aspicite
552 487 699 556 relipctum
713 488 818 555 asperis
831 488 1005 556 uinctumque
1018 487 1102 540 sexes.
1132 503 1204 556 quse
1218 504 1282 541 oon·

103 572 224 626 structio
239 573 272 624 ut
285 569 341 624 iem
357 571 452 626 durior
466 574 497 626 fit
510 573 547 629 oh
561 575 684 644 pendens
698 592 731 629 ex
743 575 910 629 ‘restrictus’
922 574 994 646 illud
1004 576 1152 629 ‘membre’
1164 576 1211 644 (ad
1223 577 1276 644 ss),

104 663 147 716 ite
164 659 244 729 rupis
263 659 369 713 mentio
388 660 508 714 infertur
532 662 625 717 uerbis
645 663 672 717 ‘e
696 662 849 717 uerticibus
868 664 1049 733 praeruptis',
1069 664 1122 718 hoc
1141 667 1192 730 cst,
1212 664 1282 719 Ceu-

103 748 162 803 cusi
185 766 220 803 ex
240 748 382 803 montibus
408 751 523 803 summis
547 750 751 821 praecipitibus
770 753 912 821 (Aeschyl.
934 753 1024 808 Prom.
1044 759 1060 806 4
1079 749 1149 822 πρὸς
1168 751 1283 821 πέτραις

103 832 348 906 ὑψηλοκρήμνοις,
368 839 460 907 Apoll.
478 839 565 894 Rhcd.
583 840 606 893 ll
624 842 712 910 1250),
732 848 764 894 ut
782 843 809 894 iu
829 857 912 894 uersu
931 840 1024 910 priore
1044 842 1127 911 plone
1143 840 1281 908 abundet3

103 931 252 996 praeterea
264 926 302 979 ‘e’
317 929 347 979 et
360 925 476 995 pluralis
489 928 662 983 ‘uerticibus'
679 946 741 984 eem
756 929 850 999 potius
865 928 1023 998 legentibus
1039 930 1200 1001 suppeditet
1214 930 1282 985 ime·

103 1016 208 1086 ginenn
229 1015 308 1084 qussi
326 1016 399 1069 inter
418 1016 473 1070 duo
492 1015 639 1070 cacumine
657 1035 707 1086 per
726 1021 853 1072 catenum
873 1018 969 1072 iuncte
987 1020 1152 1088 pependisse
1170 1021 1199 1074 in
1219 1036 1281 1075 nere

104 1123 122 1160 e
141 1107 228 1174 poete
246 1104 368 1172 fingetur
383 1104 579 1173 Prometheus,
598 1105 647 1175 qui
666 1107 722 1159 ism
742 1106 819 1159 nullo
838 1106 921 1161 modo
936 1106 1018 1160 simul
1034 1108 1120 1161 stium
1133 1108 1168 1161 ed
1183 1124 1280 1178 rupem

103 1195 241 1263 religatus
258 1193 354 1262 potnit
373 1209 446 1258 esse,
471 1193 520 1247 sed
544 1196 654 1247 tontum
678 1195 739 1248 toto
764 1211 880 1264 corpore
904 1195 1023 1249 uinctus.
1061 1197 1133 1250 unde
1152 1213 1202 1267 pro
1222 1213 1280 1252 cor·

104 1288 187 1350 rupo
208 1280 305 1335 ‘silici’
322 1280 453 1336 Heinsius
474 1283 575 1336 maluit
590 1282 752 1350 ‘Scythicis'
775 1283 864 1352 (cuius
883 1283 1005 1352 uestigio
1026 1300 1153 1354 premens
1169 1286 1280 1341 Schwe-

105 1373 167 1426 bins
193 1371 236 1424 ‘in
261 1371 420 1441 Scythis')‚
444 1388 552 1425 memor
575 1370 713 1440 locorum,
736 1372 834 1440 quales
858 1375 924 1426 suut
947 1372 1094 1428 Claudiani
1117 1376 1224 1444 gigant.
1244 1381 1279 1430 99

103 1462 206 1527 infelix
225 1461 353 1530 Scythice
371 1460 445 1526 fiscus
463 1462 588 1515 conualle
608 1462 794 1527 Prolsmleeus,
815 1462 895 1516 Mart.
911 1461 949 1514 Xl
964 1468 1007 1528 84,
1028 1469 1044 1515 9
1064 1465 1278 1533 etspeet.'1‚l.

104 1548 174 1603 mihi
194 1547 371 1618 preeplecuit
390 1550 513 1604 ‘catena’
534 1543 654 1603 firmure'
668 1550 766 1604 addito
786 1551 833 1619 (cf.
853 1550 958 1605 Aeeoh.
979 1552 1069 1606 Prom.
1090 1558 1105 1605 9
1130 1547 1282 1622 ἀδαμαντί-

104 1659 162 1694 νων
182 1640 294 1708 δεσμῶν
314 1635 345 1692 ἐν
364 1635 514 1707 ἀρρήκτοις
537 1638 639 1700 πέδαις
665 1644 693 1693 et
716 1640 828 1694 Hesiod.
849 1641 943 1709 theog.
965 1643 1041 1708 521),
1065 1639 1197 1695 nimirum
1223 1643 1281 1696 ‘tri-

105 1729 196 1799 plici'‚
221 1731 253 1781 ut
278 1727 350 1782 dixit
372 1724 438 1782 Hor.
458 1727 502 1782 od.
522 1727 584 1796 13,
605 1735 620 1782 9
644 1745 691 1783 ees
714 1730 827 1798 triplex,
851 1729 934 1797 Verg.
956 1731 1022 1782 Aen.
1044 1727 1081 1782 VI
1102 1737 1153 1784 649
1178 1732 1283 1800 triplici

104 1818 277 1872 circumdato
299 1833 385 1871 muro.
425 1816 602 1886 ‘persoluit'‚
628 1818 721 1871 Attius
744 1820 816 1887 trag.
838 1824 889 1871 534
910 1818 941 1871 It.
966 1835 1025 1872 culn
1049 1819 1166 1888 (ignem)
1190 1820 1282 1874 dictus

107 1907 282 1962 Psonutheue
304 1907 427 1975 clepsisse
449 1908 512 1961 dolo
529 1923 686 1976 poenasque
705 1908 772 1960 Ioui
795 1907 864 1972 facti
884 1905 981 1977 [‘ioto‘
1003 1906 1096 1978 codd]
1121 1909 1281 1976 expendisse

103 2012 236 2066 supremo.
264 1995 378 2063 iamque
396 2000 462 2065 post
478 1994 629 2063 semideos,
650 2012 719 2063 quos
737 1995 863 2064 singulos
881 1997 910 2049 et
927 2012 995 2064 pree
1017 1994 1118 2051 ceteris
1137 1998 1173 2052 ob
1187 2002 1280 2053 certus

104 2102 205 2140 censes
233 2101 294 2138 esee
322 2085 480 2138 nominatos
509 2084 642 2149 uidimus,
675 2083 754 2138 uenit
781 2085 896 2139 deorum
929 2086 1014 2139 turbe
1043 2102 1217 2155 magnorum.
1248 2116 1280 2127 -

104 2174 172 2230 998.
193 2173 263 2228 inde
282 2175 370 2241 peter
388 2173 491 2228 diuum
511 2174 616 2227 ennete
635 2187 702 2227 cum
721 2173 848 2240 coniuge
867 2174 1009 2241 ustisque
1028 2174 1162 2230 aduenit.
1197 2192 1282 2245 suprs

105 2270 138 2318 27
157 2265 256 2319 cliuum
278 2264 398 2334 pessilem
422 2279 591 2331 quemquem
619 2262 664 2315 hic
689 2263 839 2316 seeundum
861 2261 893 2329 V,
911 2264 941 2316 in
966 2279 1020 2330 qno
1046 2261 1139 2330 ‘diui',
1162 2264 1281 2318 fortasse

107 2353 197 2416 ‘diue'
217 2351 276 2406 siue
297 2352 397 2405 ‘dium’
418 2357 462 2406 est
480 2351 694 2418 restituendum,
714 2357 746 2405 ut
764 2352 832 2406 llnn.
853 2369 920 2406 ann.
943 2356 976 2405 18
991 2353 1024 2404 V.
1051 2352 1140 2407 Venus
1156 2354 1280 2422 pulcher-

105 2444 176 2496 rimo
200 2443 285 2495 dium.
329 2442 446 2509 ‘natis’‚
469 2441 578 2505 liberis;
603 2439 717 2494 illlisius
741 2458 783 2509 cp.
806 2440 887 2494 Hom.
915 2440 965 2497 Od.
991 2440 1030 2493 Ill
1054 2446 1104 2495 381
1132 2436 1208 2514 αὐτῷ
1233 2443 1281 2496 nol

106 2534 236 2586 παίδεσσι
265 2533 312 2584 ecl
340 2528 436 2601 αἰδοίῃ
464 2531 622 2597 παρακοίτι.
661 2530 696 2584 de
724 2545 805 2583 uersu
830 2530 888 2598 hyp
896 2533 1016 2584 ermetro
1044 2529 1078 2583 of.
1106 2530 1280 2585 thnellerus

106 2621 132 2676 d.
150 2640 172 2676 r.
191 2639 227 2675 m.
254 2638 281 2690 p.
301 2625 366 2688 994,
392 2620 428 2673 de
453 2619 577 2673 laisein
603 2617 626 2674 V
652 2618 773 2673 lectione
801 2617 988 2687 ‘gnatisque’
1015 2618 1090 2672 idem
1114 2637 1140 2688 p.
1161 2626 1221 2676 918,
1246 2650 1280 2660 -

108 2710 180 2780 299,
200 2709 268 2763 999.
292 2708 377 2763 coelo
396 2709 426 2763 ts
446 2708 559 2779 solnm,
585 2707 721 2777 Phoebe,
746 2705 924 2772 relinquens
947 2705 1166 2776 unigenamque
1190 2708 1280 2764 slmul

106 2799 264 2854 cultricem
287 2797 439 2851 montibus
463 2797 542 2864 ydrl.
580 2795 620 2850 sic
643 2797 813 2866 iungendum
838 2813 898 2850 esse
921 2794 1047 2865 plerique
1071 2797 1277 2867 intellexerunt,

107 2891 178 2944 male
197 2887 324 2942 nonnulli
345 2887 454 2941 ‘caelo'
476 2886 600 2940 referunt
624 2885 661 2939 ed
681 2885 837 2939 ‘aduenit’.
876 2885 1045 2954 respondent
1063 2884 1137 2939 enim
1157 2887 1229 2940 inter
1248 2907 1280 2942 se

106 2979 164 3032 siue
187 2976 279 3032 datiui
301 2977 361 3030 siue
386 2974 505 3029 eblstiui
531 2975 642 3028 ‘caelo'
668 2976 698 3027 et
722 2974 911 3027 ‘montibus':
939 2975 1087 3041 utrumque
1112 2973 1227 3044 stirpem
1252 2977 1280 3029 in

106 3070 188 3124 soliis
207 3068 271 3122 sede
291 3066 414 3134 reliquit.
452 3066 487 3119 de
507 3064 598 3118 Diona
622 3063 759 3117 montium
783 3063 897 3117 domine
915 3063 949 3116 cf.
969 3061 1086 3117 XXXIV
1105 3070 1136 3131 9,
1155 3066 1222 3119 Aen.
1242 3065 1279 3119 xl

107 3165 314 3212 helmoretum
332 3157 455 3210 Latonia
472 3155 576 3208 cultris
595 3154 640 3222 (ed
660 3151 720 3205 LXI
742 3159 775 3220 1).
815 3152 968 3221 ‘unigena’
997 3152 1100 3206 dicitnr
1124 3170 1170 3220 es,
1197 3172 1279 3223 quum

23 3279 36 3302 ι
108 3264 161 3301 uno
179 3254 261 3317 psrtn
279 3264 342 3300 cnm
362 3244 494 3313 Apolline
517 3244 545 3296 in
571 3247 664 3296 monte
684 3243 794 3310 Cyntho
814 3242 925 3296 hetone
944 3246 1032 3296 meter
1051 3242 1132 3296 enixa
1151 3249 1208 3310 est,
1228 3262 1279 3298 usu

108 3353 155 3405 per
172 3353 204 3390 se
221 3340 331 3406 sperio,
351 3335 405 3388 etsi
424 3332 493 3387 alibi
512 3351 567 3386 non
587 3331 670 3386 obuio
690 3331 735 3399 (cl.
756 3330 841 3383 LXVI
861 3333 923 3398 53);
942 3349 993 3384 nee
1012 3330 1087 3384 enim
1107 3334 1211 3386 secedo
1230 3334 1279 3399 eis,

110 3427 156 3494 qui
174 3427 335 3495 eogitsnere
354 3425 388 3478 de
403 3424 523 3488 Hecate,
543 3421 626 3475 unice
647 3420 771 3474 Asteries
791 3423 820 3474 et
834 3419 945 3474 Perseei
960 3419 1031 3486 filis,
1045 3436 1117 3487 quee
1131 3426 1280 3490 propterea

109 3512 261 3584 μονογενής
282 3513 363 3568 audit
382 3513 457 3580 (Hes.
483 3513 577 3580 theog.
598 3516 650 3563 426
674 3512 703 3563 et
726 3514 792 3573 448,
815 3508 907 3577 Apoll.
927 3507 1017 3562 Rhod.
1039 3507 1077 3561 111
1098 3514 1191 3576 103o);
1215 3527 1278 3563 nam

110 3607 138 3657 et
154 3606 286 3659 abhorret
304 3601 349 3656 hic
368 3602 480 3670 quidem
501 3602 578 3654 locus
597 3598 679 3653 utsii
699 3598 855 3652 eruditione
869 3601 900 3650 et
914 3597 1039 3664 ineptum
1055 3600 1106 3664 est,
1126 3599 1179 3651 hoc
1198 3616 1279 3652 uersu

109 3693 307 3748 conmemoruri
327 3691 450 3745 Hecaten
469 3693 502 3744 ut
520 3689 660 3744 diuersam
679 3704 697 3740 e
715 3686 820 3752 Disce,
840 3701 924 3755 quem
943 3685 1048 3739 Phoebi
1067 3703 1189 3741 sororem
1215 3706 1278 3742 esn-

110 3782 225 3853 dcmque
248 3800 312 3836 cum
333 3781 484 3850 ‘unigena'
514 3779 559 3833 hic
584 3778 728 3833 nominate
751 3778 857 3845 profert
880 3793 906 3827 u.
926 3791 981 3841 sq.;
1006 3773 1172 3844 uideturque
1197 3781 1281 3845 poete

109 3871 221 3927 reddere
240 3871 347 3941 potius,
367 3874 399 3924 ut
416 3868 617 3939 Hertzbergius
636 3867 751 3931 statuit,
774 3881 905 3935 graecum
930 3859 1064 3932 ὁμόγνιος
1087 3864 1146 3919 siue
1165 3861 1279 3934 ὁμότρο·

41 3994 44 3999 -
111 3981 162 4027 poe
177 3957 343 4021 ’Λπόλλωνος
367 3957 458 4027 (Hom.
478 3960 571 4028 hymn.
592 3963 623 4024 9,
642 3962 677 4021 2).
715 3956 770 4008 ism
791 3954 850 4021 ipse
870 3953 960 4019 locus,
983 3951 1062 4006 cuine
1082 3954 1182 4009 cultrix
1201 3955 1281 4008 sedit

112 4049 198 4107 [tim
211 4056 287 4117 (mm
302 4051 457 4118 genstiens,
477 4047 530 4101 etei
545 4047 720 4114 aliquantum
737 4041 824 4096 elium
838 4041 875 4095 od
890 4042 1066 4107 ‘montibus’‚
1081 4045 1170 4096 multo
1185 4048 1278 4097 tamen

111 4140 197 4210 magis
219 4144 329 4209 spectat
350 4138 387 4193 ed
412 4137 594 4202 ‘cultmcem',
611 4135 686 4205 qnod
711 4150 761 4203 per
784 4132 988 4201 adpositiouem
1013 4133 1123 4186 secedit
1145 4132 1180 4184 ed
1208 4133 1279 4187 ‘uni-

110 4230 242 4297 μοι’),
260 4229 288 4282 in
309 4228 332 4283 V
350 4230 429 4282 sedit
449 4227 551 4297 ‘ydri'3
572 4225 644 4279 unde
664 4224 729 4276 ltsli
748 4220 875 4275 nonnulli
892 4220 1014 4287 ‘Hydri’,
1034 4222 1068 4274 de
1087 4223 1279 4289 promunturio

110 4319 229 4386 qnechm
252 4316 336 4370 Asine
359 4318 474 4372 minoris
498 4317 656 4385 cogitantes
678 4313 766 4381 (l'lut,
784 4311 852 4365 Cim.
874 4316 931 4376 13),
955 4312 1030 4378 qood
1056 4312 1161 4365 Dianae
1184 4316 1279 4367 temen

111 4410 186 4461 cultu
205 4406 299 4460 nobile
316 4407 401 4462 luisse
420 4407 503 4477 plene
523 4407 650 4476 ignotum
670 4410 720 4457 est.
751 4421 800 4455 nec
820 4396 993 4470 probebilius
1011 4401 1147 4469 ‘Hydrae’
1164 4401 1281 4471 Statius,
