2940 4912
207 285 272 349 370
716 284 804 340 LXIV
822 292 864 342 24.

204 448 300 500 autem
324 445 489 513 scripturam
510 445 538 499 ‘o
556 445 631 498 bona
648 448 770 499 matrum
789 445 949 515 progenies’
971 445 1011 499 sic
1030 445 1173 515 accipiunt
1192 447 1220 500 ‘o
1239 446 1376 501 bonarum

206 536 325 587 matrum
350 534 428 600 filii’;
456 536 629 603 possuntque
652 533 681 587 in
705 535 782 591 hanc.
802 535 967 590 sententiam
992 553 1056 588 cum
1080 534 1136 588 alia
1159 536 1289 605 proferri,
1315 540 1376 590 tum

206 623 351 692 catalogus
369 622 594 692 Argonautarum
618 624 648 676 in
666 622 770 690 Hygini
795 623 848 676 fob.
869 622 942 676 XIV.
979 623 1027 676 sed
1051 626 1084 678 ut
1101 624 1244 694 omittam,
1266 625 1379 694 generis

208 711 386 766 nobilitatem
416 711 509 765 uerbis
534 712 627 766 ‘deum
654 712 752 780 genus’
778 712 819 766 ita
843 729 902 765 0000
926 712 1116 782 praedicatam
1142 715 1175 766 01
1197 730 1278 767 omne
1301 716 1377 783 qnod

206 799 326 854 accedat
339 800 481 869 langueat,
501 804 531 870 et
549 802 584 855 ob
602 801 724 870 ipsorum
744 799 863 854 uirtutes
879 802 1055 869 Argonautas
1073 800 1159 856 101000
1178 803 1378 871 conpellandus

205 888 296 943 sentio
311 891 341 942 et
355 889 453 942 dubito
467 905 552 957 quam
566 888 696 953 maxime,
715 904 780 940 num
795 887 845 941 illa
860 905 942 956 quam
958 891 1086 942 statuunt
1099 888 1228 958 enallage
1243 890 1377 945 adiectiui

204 981 283 1032 recta
301 979 344 1032 011.
383 976 452 1031 haec
471 976 544 1030 enim
563 975 685 1030 inuersio
704 975 744 1030 ibi
762 975 891 1045 legitima
911 980 961 1045 est,
982 977 1029 1030 ubi
1046 976 1120 1044 quod
1135 979 1183 1031 uni
1198 979 1378 1033 substantiuo

204 1067 368 1121 attribuitur
391 1068 474 1121 etiam
500 1065 529 1118 in
548 1066 667 1119 alterum
687 1064 783 1131 eliqua
802 1082 835 1118 ex
856 1069 935 1134 parte
954 1067 1093 1120 conuenit.
1131 1083 1164 1120 ex
1183 1068 1263 1121 bonis
1281 1072 1375 1121 antem

205 1157 341 1212 matribus
360 1154 430 1210 nihil
448 1155 559 1224 inpedit
576 1155 724 1224 quominus
744 1158 905 1223 procreetur
926 1156 1001 1208 mala
1020 1156 1175 1224 progenies.
1212 1157 1287 1224 quod
1311 1174 1376 1211 con·

204 1247 305 1314 probat
333 1261 428 1299 uersus
453 1244 618 1313 Euripidens
646 1259 664 1296 a
687 1243 822 1298 Munronc
850 1245 960 1298 adlatus
989 1240 1104 1299 ἐσθλοῐν
1133 1239 1161 1296 δ’
1186 1240 1239 1297 ἀπ’
1264 1240 1376 1314 ἀμφοῖν

205 1330 310 1388 ἐσθλὸν
328 1328 364 1387 ἄν
384 1336 474 1400 φῦναι
492 1329 579 1402 μόνον
598 1331 687 1403 [Stob.
706 1331 752 1387 ΟΒ
776 1333 834 1402 12];
853 1350 925 1400 quae
943 1332 1006 1400 fuit,
1025 1332 1055 1386 ni
1073 1331 1165 1400 fallor,
1185 1350 1269 1388 eausa
1284 1334 1376 1389 Peerl-

205 1422 318 1490 hampio
342 1421 498 1477 coniciendi
518 1419 614 1492 [Verg.
639 1420 663 1474 ll
686 1440 714 1490 p.
741 1421 802 1491 110]
828 1421 914 1474 ‘bona
937 1424 1058 1475 matrum
1082 1421 1243 1490 progenies,
1268 1423 1376 1477 saluete

205 1510 321 1577 itemm,
340 1509 460 1574 calueto,
480 1509 641 1576 bonarum‘;
667 1526 837 1578 quamquam
856 1510 884 1563 in
909 1511 952 1562 his
976 1512 1009 1561 nt
1026 1509 1141 1563 tertium
1163 1510 1291 1565 ‘suluete’
1313 1518 1379 1581 post

205 1599 326 1652 ‘salnete
349 1599 461 1652 iterum’
487 1599 529 1652 ita
553 1599 712 1652 ‘bonarum’
737 1598 820 1652 nimis
844 1599 1014 1667 diremptum
1033 1599 1106 1652 male
1127 1599 1268 1654 sehabet.
1306 1602 1378 1655 mihi

203 1691 297 1741 autem
328 1691 414 1742 etiam
443 1688 527 1742 lectio
557 1688 701 1741 ‘matrum’
731 1688 946 1756 grammaticum
974 1704 1072 1741 uocem
1103 1688 1273 1757 ‘progenies’
1304 1690 1376 1745 falso

203 1777 386 1846 accipientem
411 1794 509 1846 sapere
533 1777 651 1833 uidetur.
689 1796 706 1831 a
729 1778 867 1845 scriptura
890 1777 977 1845 igitur
995 1777 1081 1830 tertia
1100 1777 1212 1830 ‘matre’
1235 1777 1377 1847 protectus

204 1867 314 1920 restitui
338 1868 494 1920 mutatione
512 1883 600 1935 paene
620 1866 699 1920 nulla
716 1865 765 1921 sed
784 1884 855 1935 quae
875 1882 936 1920 eam
955 1883 1039 1935 quam
1059 1864 1187 1920 desidero
1206 1869 1377 1922 seutentiam

206 1955 378 2024 suppeditat:
400 1956 428 2008 ‘o
448 1955 521 2008 bona
539 1957 628 2008 marte
648 1955 818 2024 progenies’,
838 1954 890 2008 hoe
909 1955 994 2008 estin
1010 1952 1085 2007 bello
1100 1955 1237 2008 eminens:
1256 1956 1290 2009 cf.
1307 1956 1375 2013 Sall.

203 2043 267 2097 hist.
293 2045 324 2098 tr.
351 2046 414 2120 inc„
429 2051 461 2098 21
490 2043 614 2113 Pyrrhus
634 2086 639 2097 .
661 2085 666 2095 .
687 2085 692 2096 .
717 2045 784 2097 bello
812 2045 909 2110 donus,
939 2044 1049 2096 Nemes.
1074 2041 1124 2098 ecl.
1151 2050 1178 2110 1,
1203 2051 1217 2095 5
1243 2063 1377 2115 00000000

204 2135 292 2187 bouus
310 2175 316 2185 .
337 2177 343 2188 .
363 2133 476 2200 Apollo,
504 2131 570 2187 Tac.
599 2150 662 2186 ann.
687 2131 734 2185 13
759 2134 913 2202 Aprtppom
941 2133 1040 2186 bonum
1063 2133 1172 2187 militia.
1214 2138 1257 2187 est
1280 2137 1376 2188 antem

205 2221 378 2291 ‘progenies’
400 2221 446 2274 hic
465 2237 521 2274 uon
538 2221 653 2290 proprio
672 2236 755 2274 sensu
772 2221 905 2290 positum,
924 2221 971 2273 sed
994 2219 1102 2286 latiore,
1121 2238 1176 2288 qno
1195 2223 1300 2290 aequat
1317 2224 1376 2277 lere

203 2326 290 2364 uuum
319 2310 464 2363 hominum
491 2327 579 2378 genus
608 2311 667 2365 siue
695 2312 832 2364 aetatem:
861 2309 943 2379 Verg.
973 2309 1072 2378 Georg.
1101 2307 1124 2361 ll
1153 2315 1219 2376 341,
1247 2309 1375 2366 Lactant.

204 2400 227 2452 ll
250 2405 290 2463 10,
312 2406 357 2465 1ος
381 2399 464 2468 Verg.
484 2403 552 2452 Aen.
575 2399 622 2451 Vll
644 2406 694 2453 151
718 2402 874 2468 propeniem
896 2401 999 2452 uirtute
1022 2400 1164 2468 eprepiuru.
1202 2398 1237 2450 de
1261 2401 1374 2468 supple-

204 2491 299 2542 mento
309 2488 429 2556 denique
439 2489 587 2542 uerborum
603 2489 632 2541 in
647 2489 815 2543 scholiastae
831 2489 927 2543 codice
938 2489 1131 2541 lacunosorum
1146 2503 1209 2540 cum
1220 2487 1249 2540 in
1264 2489 1376 2543 diuersa

203 2577 297 2630 omniu
316 2578 420 2630 abeant
439 2577 528 2644 docti,
549 2579 717 2631 monendum
737 2581 793 2646 est,
812 2578 901 2633 uideri
922 2577 1062 2632 Catullum
1082 2593 1144 2629 cum
1164 2574 1288 2645 Vergilio
1307 2594 1374 2632 con—

203 2669 330 2732 paratum
355 2683 416 2718 0000
435 2666 471 2718 ob
490 2666 621 2719 iteratum
643 2666 797 2730 ‘saluete’;
822 2665 896 2719 unde
920 2666 967 2733 qui
986 2665 1100 2719 tertium
1121 2663 1250 2717 ‘calueto’
1272 2667 1374 2722 inferre

202 2753 364 2819 uoluerunt,
390 2755 462 2806 male
482 2755 523 2806 illi
543 2753 625 2807 innisi
646 2753 743 2807 Samio
762 2754 798 2806 ad
818 2753 885 2808 Aen.
907 2754 928 2804 V
949 2758 983 2805 80
1010 2757 1039 2805 et
1057 2752 1127 2806 Ciris
1145 2751 1305 2808 imitatione
1324 2756 1373 2826 [cf.

203 2841 343 2911 Hauptius
366 2859 459 2910 opusc.
484 2843 492 2892 Ι
517 2862 543 2911 p.
563 2850 596 2896 32
621 2846 650 2896 et
674 2842 696 2892 ll
722 2861 746 2909 p.
773 2842 834 2912 16],
858 2842 1024 2895 refutantur.
1066 2843 1214 2910 propterea
1237 2847 1333 2897 autem
1357 2863 1375 2899 a

202 2931 320 2998 singulis
351 2932 552 3001 supplementis
582 2932 734 3000 propositis
760 2932 787 2984 in
814 2932 1047 3000 disceptationem
1073 2932 1206 2984 nouandis
1232 2932 1374 2988 abstinere

202 3019 281 3084 licet,
301 3021 375 3087 qnod
395 3021 422 3072 id
443 3022 516 3087 quod
535 3022 720 3074 necessarium
742 3025 784 3074 est
801 3021 1003 3074 mathematica
1021 3037 1110 3089 paene
1129 3018 1238 3075 ratione
1257 3022 1372 3077 demon-

205 3109 320 3162 straturi
341 3108 419 3161 uobis
439 3108 565 3161 uidemur
584 3111 619 3162 ad
634 3129 660 3162 u.
676 3130 696 3163 s.
717 3141 751 3149 —
771 3109 823 3164 24«
839 3123 893 3164 uos
912 3123 968 3176 ego
987 3122 1076 3177 saepe
1091 3123 1156 3162 11100
1170 3124 1225 3164 uos
1239 3113 1374 3167 carmine

202 3197 400 3264 compellato.
439 3197 581 3263 ‹praeritur
600 3215 720 3264 quonum
741 3199 862 3251 carmine
882 3213 932 3251 suo
947 3214 975 3249 se
990 3196 1185 3250 adlocuturum
1200 3216 1259 3253 esse
1274 3201 1375 3256 heroas

201 3285 349 3352 promittat
372 3290 465 3354 poetu;
496 3302 559 3338 narn
584 3289 612 3339 in
638 3290 690 3340 hoc
713 3292 788 3341 certe
812 3286 934 3340 carmine
957 3284 1060 3339 trustra
1084 3286 1164 3338 huius
1189 3287 1229 3341 rei
1253 3290 1375 3359 uestigia

203 3374 448 3442 circumspicimus.
487 3374 543 3427 alio
567 3377 596 3428 et
615 3375 729 3429 fortasse
749 3373 884 3443 peculiari
902 3376 1032 3440 poemate
1051 3376 1149 3440 postea
1168 3375 1308 3444 faciendo,
1332 3379 1373 3433 in·

201 3462 314 3529 quiunt3
339 3463 510 3529 ariuntatque
530 3462 669 3531 Hauptius
688 3463 795 3532 [opusc.
815 3462 838 3515 ll
859 3468 892 3514 to
911 3461 964 3531 sq.]
985 3462 1099 3515 subesse
1118 3462 1265 3517 formulam
1286 3483 1373 3534 quan·

200 3552 265 3604 dam
290 3551 513 3620 prohoemiomm
538 3567 715 3619 graecorum,
743 3552 825 3618 ‘quae
855 3549 924 3603 liniri
949 3550 1007 3603 tere
1034 3550 1164 3605 solebant
1191 3552 1280 3607 altero
1309 3562 1373 3612 utro

201 3640 299 3693 horum
320 3658 448 3693 uersuum
469 3635 560 3706 αὐτὰρ
581 3637 634 3709 ἐγὼ
656 3641 703 3693 sul
722 3647 782 3693 σεῖο
801 3639 849 3692 καὶ
873 3635 956 3706 ἄλλης
974 3634 1096 3706 μνήσομ’
1113 3634 1213 3708 ἀοιδῆς
1232 3645 1261 3695 et
1279 3638 1372 3713 αὐτὰρ

201 3723 273 3796 ἐγών
298 3725 393 3798 ὑμέων
418 3749 446 3781 τε
467 3727 515 3781 καὶ
534 3724 618 3796 ἄλλης
641 3723 763 3797 μνήσομ’
784 3722 894 3794 ἅοιδῆς’
916 3725 1051 3794 additque
1073 3726 1196 3782 ‘imitata
1214 3732 1275 3782 erat
1292 3732 1371 3786 illam

201 3820 326 3869 ueterum
342 3819 505 3885 hymnorum
522 3817 676 3870 clausulam
692 3817 782 3885 poesis
797 3815 998 3881 Alexandrina;
1018 3834 1083 3868 num
1097 3815 1261 3871 Theocritus
1275 3820 1371 3874 lauda-

202 3906 306 3958 tionem
332 3905 485 3959 Ptolemaei
511 3906 565 3974 [17,
587 3906 650 3976 131]
676 3906 719 3959 his
743 3903 869 3958 uersibus
892 3904 1035 3958 concludit
1056 3911 1151 3972 χαῖρε,
1172 3900 1250 3972 ἄναξ.
1269 3911 1372 3964 Πτολε·

200 4002 280 4062 puls·
300 3992 386 4047 σέθεν
407 3993 435 4047 d'
452 3991 506 4062 ἐγώ
528 3992 574 4047 ἶσα
595 3994 643 4047 καὶ
662 3989 752 4048 ἄλλων
767 3989 908 4062 μνᾰσομαι
927 3988 1065 4061 ἡμιθέων,
1085 3991 1176 4047 δοκέω
1191 3988 1219 4047 δ’
1236 3992 1303 4057 ἔπος
1319 3992 1372 4050 oris

200 4078 361 4152 ἀπόβλητον
377 4081 541 4152 φθέγξομαι
558 4077 739 4152 ἕσσομένοις’;
755 4082 789 4137 cl.
805 4086 835 4137 et
849 4083 964 4136 Theocr.
978 4090 1001 4148 1,
1018 4087 1068 4134 114
1083 4072 1105 4134 ὦ
1119 4083 1229 4149 χαίρετε
1244 4080 1371 4152 uillosa,

199 4178 308 4238 μοὶσαι,
333 4168 448 4239 χαίρετ’.
492 4167 546 4239 ἐγώ
571 4167 599 4224 δ’
623 4169 710 4239 ὔμμιν
734 4170 782 4224 καὶ
807 4167 836 4232 ἐς
858 4167 975 4236 ὕστερον
998 4163 1082 4223 ἅδιον
1105 4165 1174 4240 dcci.
1210 4185 1244 4223 ex
1268 4174 1371 4240 quibus

199 4259 335 4327 exemplis
359 4261 540 4314 confirmatur
559 4260 588 4314 id
612 4261 686 4329 qnod
711 4278 762 4315 sua
780 4259 899 4328 quisque
922 4260 1022 4327 sponte
1040 4253 1192 4323 intellegit,
1213 4273 1268 4312 non
1286 4261 1371 4316 licere

200 4344 296 4399 abesse
320 4346 361 4414 id,
385 4349 413 4400 in
435 4366 490 4416 quo
510 4350 552 4403 uis
571 4354 614 4403 001
632 4350 724 4418 posita
744 4347 846 4402 omnis:
870 4364 942 4401 nnnc
962 4344 1037 4399 breui
1057 4343 1237 4399 ueneratione
1255 4350 1370 4404 couten-
