2940 4912
599 302 687 358 LXIV
706 310 801 360 9-10.
1222 305 1287 371 363

114 463 239 520 castellis
256 464 435 534 accipiendas
454 481 527 530 esse;
547 466 650 522 Ausum
665 465 796 535 technop.
811 470 868 536 6‚8
887 466 1003 521 urbibus
1020 466 1053 521 ia
1070 468 1137 523 acu
1154 468 1288 524 munitior

113 553 229 610 arbim
253 559 292 610 esc
317 572 378 609 ars.
406 585 439 594 -
465 554 495 610 a.
522 554 589 625 lpse
612 554 676 611 leul
699 543 775 610 teclt
798 553 980 611 uolitantem
1005 555 1126 611 tlamlne
1152 571 1286 614 currum.

113 643 227 698 uariant
255 644 380 698 ueterum
409 642 524 699 fabulae
553 642 588 700 de
616 645 708 715 Argus
737 643 818 700 nanis
845 644 1038 712 accusatore,
1069 646 1153 700 modo
1181 644 1287 716 Argum

113 730 253 787 Arestons
267 732 363 801 filium,
374 731 458 789 modo
468 732 623 788 Mineruam
634 731 820 789 nominantes.
849 732 977 788 Catullus
991 733 1038 789 bic
1051 736 1163 789 secutus
1177 734 1288 789 uidetur

115 821 209 891 Apoll.
224 821 313 878 Rhod.
329 821 341 875 Ι
357 828 406 877 111
428 816 501 891 αὕτη
516 817 572 892 γὰρ
586 822 633 877 aul
653 823 711 891 νῆα
724 817 801 892 θοὴν
820 820 907 893 seips·
926 818 979 878 οὖν
993 820 1027 878 δέ
1042 819 1072 877 οἱ
1083 818 1175 893 ’Ἄρηος
1188 824 1288 890 τεῦξεν

113 906 299 979 Ἀρεστορίδης
318 912 413 981 κείνης
431 909 700 983 ὑποθημοσύνῃσιν,
725 911 767 967 its
789 915 822 968 ut
839 912 914 968 hune
932 913 1044 969 carinae
1062 911 1141 969 illam
1159 916 1288 970 texturae

113 999 269 1055 subtilioris
292 999 338 1070 (cf.
364 1017 389 1054 u.
412 1002 455 1069 10)
481 1001 587 1056 taceret
608 1002 829 1068 architectonas;
854 1001 888 1057 cf.
912 1001 1030 1057 Phaedr.
1054 1001 1093 1057 IV
1117 1008 1142 1072 7,
1160 1008 1177 1057 6
1198 1004 1287 1071 sobri·

115 1095 202 1145 caaect
219 1087 315 1159 Arpos
333 1106 411 1159 opere
436 1090 567 1145 Palladio
589 1095 688 1157 ratem,
712 1089 775 1145 Seu.
795 1088 867 1145 Med.
887 1095 940 1145 366
961 1089 1094 1146 Palladia
1118 1108 1205 1147 manu
1225 1107 1288 1148 con·
1329 1131 1332 1140 -

110 1185 197 1249 puoto
217 1179 307 1248 Argo,
327 1178 390 1232 Val.
405 1179 496 1234 Flacc.
512 1180 523 1232 I
539 1185 573 1233 94
587 1196 662 1248 sqq..
683 1185 734 1233 126
749 1198 804 1249 sq.,
823 1178 967 1235 Olaudian.
982 1180 1048 1236 bell.
1062 1182 1119 1249 get.
1137 1187 1169 1234 16
1187 1181 1288 1251 ipsum·

113 1285 165 1341 que
187 1269 313 1324 secandis
336 1270 438 1340 Argois
461 1270 586 1324 trabibus
612 1270 713 1325 iactent
733 1271 845 1324 sudasse
865 1269 1033 1326 Mineruam.
1071 1269 1289 1325 construendum
1379 1319 1385 1327 .

113 1358 158 1411 est
181 1361 275 1411 antem
300 1358 353 1412 boc
377 1358 473 1413 modo:
497 1358 566 1413 facit
585 1358 649 1427 (hoc
669 1360 712 1413 est
736 1358 850 1425 struxit,
874 1356 1045 1427 aedificauit)
1068 1375 1193 1428 currum,
1216 1376 1289 1428 quae

112 1444 172 1501 leui
189 1446 300 1501 flamine
319 1447 380 1501 siue
398 1448 483 1501 uento
503 1447 648 1517 paululum
663 1447 787 1502 adflante
801 1451 895 1517 posset
909 1464 958 1520 per
972 1448 1056 1503 maris
1071 1464 1193 1517 aequora
1207 1447 1288 1504 ‘uoli-

48 1552 53 1559 ·
113 1536 201 1603 tare‘3
226 1536 262 1591 ct'.
286 1538 341 1591 lsai
363 1542 444 1592 acuto
467 1535 549 1591 Ouid.
574 1536 678 1592 tristi
703 1542 816 1603 10,19;
841 1536 984 1592 ‘flaminis’
1010 1538 1178 1593 uocabulum
1202 1537 1288 1594 etiam

114 1623 204 1681 Ennio
228 1624 414 1695 Lucretioquo
442 1625 600 1681 adhibitum
628 1625 702 1681 iufra
729 1645 756 1680 u.
780 1631 832 1680 272
861 1626 987 1682 recurrit.
1030 1626 1182 1683 ‘uolitare'
1213 1645 1289 1695 uero,

114 1714 190 1782 quod
208 1713 255 1768 hic
273 1731 329 1769 non
348 1718 441 1783 potest
459 1732 519 1770 esse
539 1715 649 1787 ‘uagari
668 1720 698 1771 st
716 1715 880 1770 discurrere’
896 1714 974 1782 (Hor.
990 1716 1033 1770 od.
1050 1716 1127 1784 lvo,
1144 1720 1198 1785 19),
1216 1733 1288 1772 noue

114 1806 143 1857 et
164 1803 317 1859 insolenter
339 1823 390 1874 pro
416 1805 544 1861 ‘solare’
565 1803 659 1874 (Verg.
686 1804 781 1859 ‘uolat
804 1805 927 1873 currus'‚
953 1803 1034 1859 Ouid.
1060 1805 1155 1861 ‘uolat
1176 1805 1288 1877 nauis')

114 1893 238 1962 positum
258 1894 314 1959 est;
338 1893 393 1949 nisi
411 1894 496 1960 torte,
523 1894 598 1963 quod
617 1892 790 1963 probabilius
813 1892 939 1962 uretur,
963 1894 1071 1949 emula
1094 1894 1288 1950 recordatione

114 1982 171 2036 loci
190 1982 274 2037 modo
291 1982 360 2036 lecti
378 1981 465 2036 LXlll
485 1987 519 2036 26
539 1983 669 2052 prouenit
687 1981 846 2051 Catullique
870 1983 915 2037 est
937 1982 1011 2051 quod
1036 1983 1229 2052 conparationi
1248 1984 1288 2039 in·

116 2071 233 2126 stitutae
252 2071 397 2126 conuenit:
418 2072 590 2127 ‘uoluentem
609 2071 636 2126 a.
656 2071 793 2137 currum’;
813 2069 885 2124 dixit
899 2071 982 2140 Verg.
998 2071 1030 2126 G.
1047 2071 1056 2123 l
1077 2077 1128 2126 163
1146 2074 1289 2130 uoluentis

114 2161 256 2229 plaustra3
281 2163 311 2215 et
328 2161 417 2215 utitur
436 2162 488 2214 hoc
506 2160 569 2230 ipso
587 2159 720 2215 uoluendi
745 2160 831 2215 uerbo
851 2159 890 2214 rei
909 2159 1037 2229 inprimis
1061 2161 1128 2231 apto
1148 2162 1242 2217 Attius
1260 2163 1289 2218 in

116 2249 305 2319 descriptione
319 2249 411 2320 Argus
426 2249 492 2319 (Cic.
508 2248 526 2302 1.
541 2266 606 2304 mox
621 2249 658 2316 1.).
689 2247 740 2304 illo
754 2250 849 2303 autem
864 2248 947 2303 modo
961 2248 985 2303 si
1000 2248 1196 2319 construimus,
1215 2250 1290 2305 miti-

115 2342 198 2408 gatur
216 2337 424 2408 aliquantulum
443 2339 634 2394 translationis
649 2338 780 2405 audacia,
799 2353 870 2406 quae
888 2337 964 2392 inest
978 2338 1096 2392 ‘currus’
1113 2338 1184 2392 uoci.
1217 2356 1289 2408 quae

115 2445 164 2483 usu
182 2427 325 2483 rarissimo
345 2428 496 2484 adhibetur
513 2446 563 2498 pro
582 2445 616 2483 aa
633 2445 706 2498 quae
725 2431 769 2482 est
784 2427 898 2496 ‘nauis’‚
917 2411 1067 2483 ut'Graeci
1086 2429 1186 2483 codem
1204 2429 1288 2484 modo

114 2518 211 2572 dicunt
235 2513 341 2588 ὄχημα,
360 2512 469 2586 ἅμαξα,
493 2513 589 2587 ἀπήνη
613 2516 659 2585 (cf.
679 2516 782 2572 Mureti
801 2535 858 2571 nar.
878 2517 943 2571 lect.
962 2519 974 2570 I
995 2519 1053 2586 ll);
1077 2517 1151 2587 apud
1175 2516 1289 2573 Latinos
1340 2557 1344 2572 .

116 2626 201 2661 unum
220 2609 308 2662 habes
327 2606 484 2677 exemplum
500 2606 623 2661 Lucretii
639 2608 675 2661 VI
690 2613 733 2673 47,
753 2607 830 2662 cuius
844 2604 1003 2661 adscribam
1021 2607 1110 2661 uerba
1128 2607 1288 2662 emendata:

114 2697 333 2767 qmadoqaidcm
360 2698 438 2751 sanct
465 2699 601 2768 insepncm
627 2697 801 2751 coascendere
829 2712 941 2750 currum
966 2701 1108 2751 acetosum
1133 2699 1178 2765 (=
1203 2697 1289 2752 ναῖον

114 2782 228 2855 ἀπήνην
247 2786 339 2842 uentis
358 2788 508 2855 agitatam)
528 2787 672 2840 culeortont
692 2788 788 2858 pelope
812 2790 873 2839 tuto
891 2787 985 2840 omnio
1003 2802 1126 2840 rursum:
1145 2803 1214 2856 quac
1231 2787 1289 2853 suc·

116 2876 174 2930 rint
191 2878 232 2930 sic
247 2877 358 2944 placato
377 2893 507 2930 conwsu
532 2877 639 2942 furora
664 2893 728 2928 nam
747 2875 866 2929 alterum
885 2876 930 2929 est
946 2877 1056 2929 tantum
1076 2893 1109 2929 ex
1129 2875 1291 2931 coniectura

116 2965 277 3019 restitutum
297 2983 314 3019 u
334 2981 377 3018 mo
397 2965 480 3019 PLM.
501 2965 539 3017 Ill
559 2971 607 3032 24,
626 2970 660 3018 26
680 2967 719 3033 [p.
743 2965 819 3035 166]‚
839 2967 870 3017 ut
888 2967 982 3018 maren
1001 2982 1057 3019 uon
1075 2964 1169 3019 desint
1186 2962 1290 3019 similia

117 3054 212 3124 plura;
232 3072 295 3108 nam
318 3055 353 3107 de
371 3053 596 3122 Argonautarum
618 3051 770 3108 ‘uehiculo'
791 3052 916 3122 loquitur
935 3053 990 3108 Cic.
1010 3054 1036 3108 d.
1056 3072 1083 3108 n.
1103 3055 1129 3108 d.
1148 3053 1174 3106 11
1193 3061 1235 3122 36,
1254 3059 1288 3108 82

116 3143 266 3198 secundum
292 3143 363 3198 Attii
388 3142 528 3208 Medeam,
556 3160 589 3196 ex
613 3160 669 3211 qua
693 3141 822 3209 equidem
845 3143 899 3196 hoc
923 3143 1057 3212 loquendi
1081 3160 1169 3212 genus
1193 3146 1290 3214 utpote

117 3233 228 3288 celebre
248 3233 358 3287 duxisse
377 3235 457 3301 puto;
482 3232 551 3286 bene
570 3248 653 3300 porro
674 3230 806 3285 AStatius
830 3231 1007 3302 comparauit
1030 3250 1141 3287 uersum
1162 3232 1290 3302 (fortasse

118 3322 249 3378 Varronis
268 3322 390 3389 Atacini)
410 3323 484 3392 apud
503 3321 659 3377 charisium
679 3321 718 3391 [p.
734 3327 786 3375 222
802 3322 847 3393 K]
867 3324 1007 3377 seruet-um
1031 3322 1141 3391 Tiphyn
1161 3324 1290 3391 aurigam

118 3416 162 3479 (ε
179 3411 406 3481 gubernatorem)
422 3413 514 3466 celeris
527 3415 611 3479 secere
626 3412 747 3477 carinus,
762 3410 881 3479 denique
897 3410 1090 3480 Vergilianum
1107 3411 1186 3480 [Aen.
1202 3410 1240 3462 Vl
1262 3411 1288 3481 ι]

117 3503 248 3570 charique
274 3501 389 3554 inmittit
419 3502 539 3555 babarus
565 3500 647 3568 (udde
673 3500 734 3554 Val.
759 3500 850 3554 Flacc.
876 3499 887 3550 l
916 3506 966 3554 681
1001 3501 1078 3553 uolat
1105 3516 1176 3553 caua
1201 3500 1290 3567 pinus

117 3591 248 3660 bobonis).
286 3606 400 3644 causam
425 3593 520 3643 autem
545 3587 627 3643 buius
646 3587 777 3658 imaginis
800 3585 856 3640 iam
880 3586 978 3656 tetigit
995 3588 1104 3643 Cicero:
1129 3587 1291 3656 depingitur

118 3679 208 3748 prima
226 3677 305 3734 nauis
324 3678 390 3732 talis
409 3679 479 3743 fere,
503 3677 595 3746 qualis
620 3679 663 3732 est
681 3678 743 3731 uisa
761 3676 877 3730 rudibus
896 3675 982 3730 etiam
1001 3678 1061 3730 tum
1087 3680 1117 3730 et
1134 3679 1289 3730 monstrum

118 3769 293 3839 stupentibus
316 3767 482 3822 hominibus.
504 3799 537 3806 —
564 3768 611 3821 10.
631 3767 720 3836 plneu
743 3765 929 3832 coniungens
954 3766 1083 3820 lntlexas
1102 3766 1189 3821 texta
1211 3766 1290 3821 cari·

119 3872 184 3913 uae.
221 3858 301 3911 nauis
325 3856 507 3911 fundamento
527 3855 638 3910 carinae
658 3859 739 3924 (quae
764 3856 898 3924 perpetuo
923 3853 1050 3925 epitheto
1070 3872 1168 3922 curua,
1188 3853 1290 3924 panda,

118 3948 231 4010 inflexa,
250 3946 312 4000 aim.
327 3946 418 4015 audit)
437 3946 473 4000 ab
489 3946 563 4014 Argo
582 3947 759 3999 constructae
778 3945 834 3999 iam
849 3960 901 4013 ope
916 3943 1046 3998 Palladia
1060 3945 1197 3999 accedunt
1211 3943 1289 3998 tabu·

118 4035 177 4092 lata
194 4037 254 4090 sine
278 4037 398 4091 laterum
422 4035 516 4089 trabes
538 4033 634 4089 aluum
658 4034 823 4101 efficientes,
849 4050 921 4103 quae
945 4034 1045 4104 utpote
1063 4051 1147 4103 quam
1170 4034 1291 4088 maxime

119 4127 215 4180 robore
243 4125 402 4194 indigentes
428 4141 443 4178 e
469 4123 590 4193 pinubus
616 4125 728 4177 fiebunt
775 4141 840 4178 nam
870 4123 982 4178 texendi
1009 4123 1125 4178 uerbum
1153 4125 1290 4180 translate

118 4219 268 4285 usurpatur
286 4215 321 4269 de
340 4215 476 4282 omuibus,
497 4230 568 4283 quae
588 4215 649 4268 arte
664 4217 846 4269 conseruntur
860 4213 1030 4282 firmiterque
1045 4216 1289 4284 coagmentantnr;

117 4305 190 4359 unde
208 4305 243 4358 de
263 4304 381 4359 nauibus
400 4304 577 4375 potissimum
597 4302 668 4356 illud
683 4303 832 4372 sollemne,
851 4307 883 4358 nt
896 4303 973 4372 apud
987 4301 1067 4357 Ouid.
1083 4303 1164 4374 epist.
1181 4309 1223 4372 16,
1239 4311 1290 4360 110

117 4395 222 4450 texitur
240 4398 266 4449 ct
284 4397 363 4451 costis
377 4396 477 4466 pondu
495 4395 595 4450 carino
608 4395 680 4460 saia,
700 4397 765 4449 met.
781 4394 818 4448 lll
834 4399 885 4448 622
904 4395 981 4449 iutra
995 4409 1067 4450 cauo
1081 4398 1156 4449 treta
1169 4396 1290 4464 carinae,
