2940 4912
173 350 239 416 360
630 349 727 406 LXIII.
755 349 842 405 LXIV
862 354 885 407 t.

173 515 206 568 nt
226 512 286 568 fere
310 512 343 566 dt
365 509 488 580 ubiquep
505 511 590 567 semel
614 510 698 566 certis
720 511 869 566 uerborum
893 510 1019 567 formulis
1043 530 1061 567 a
1082 511 1175 582 primo
1198 496 1347 567 inuentore

174 618 304 672 expressa
328 600 365 654 ab
390 600 518 655 omnibus
544 600 675 670 deinceps
700 600 813 655 uatibus
835 600 864 655 in
888 615 922 655 ea
944 600 1063 657 materia
1086 598 1264 656 uersantibus
1288 598 1350 654 sine

173 691 272 746 rubore
292 687 322 743 iu
340 688 483 758 proprium
504 688 710 743 adhibebantur
728 706 821 756 usum3
841 689 889 744 sed
909 689 938 743 iu
951 689 1062 745 ratione
1076 690 1136 745 siue
1150 691 1346 759 argumentum

172 779 333 834 uniuersum
353 776 495 833 tractandi
514 778 573 832 sine
593 794 676 832 unam
696 777 822 846 aliquem
841 778 899 833 eius
918 781 1027 847 partem
1046 777 1184 848 peculiari
1206 795 1273 832 cure
1292 777 1349 831 els-

173 866 293 924 beraudi
324 865 554 922 discernebantur
580 865 752 936 singclorum
786 866 902 937 ingenia
931 884 1044 935 arsque,
1076 868 1123 922 hic
1150 884 1233 923 uerus
1264 869 1351 937 poeta

173 958 278 1025 quanto
296 954 448 1010 interuallo
466 954 638 1024 relinqueret
656 953 831 1010 imitatorum
850 972 959 1010 sernum
979 972 1064 1025 pecua
1083 957 1230 1012 ostendere
1244 955 1347 1026 potnit

174 1042 302 1100 Catullus
320 1060 376 1098 nou
395 1044 572 1114 persequitur
590 1045 681 1113 ipsam
696 1043 830 1112 Dindymi
850 1043 994 1099 dominam
1013 1046 1041 1099 et
1059 1044 1124 1100 loca
1141 1045 1167 1099 ei
1186 1060 1273 1112 sacra,
1293 1061 1349 1099 uon

175 1134 254 1189 cauit
276 1133 364 1188 festos
387 1133 494 1187 thiasos
519 1132 664 1188 Gallorum
687 1131 838 1187 furentium
863 1135 893 1187 et
914 1132 1075 1188 huiusmodi
1097 1133 1167 1203 alia,
1192 1134 1223 1189 iu
1247 1132 1350 1204 quibus

174 1223 233 1278 sine
252 1222 339 1277 dubio
358 1221 517 1291 aequalinm
536 1221 663 1292 plerique
683 1221 872 1277 desudabant:
892 1239 988 1277 uerum
1007 1222 1217 1293 genuinamque
1236 1224 1350 1294 poetam

174 1329 235 1368 sese
254 1311 381 1367 exhibuit
403 1310 453 1365 ille
472 1309 620 1365 materiam
643 1311 815 1365 extrinsecus
839 1311 934 1366 datam
953 1328 1004 1366 sno
1022 1311 1108 1366 modo
1127 1329 1199 1367 noue
1222 1313 1349 1367 tractans

175 1401 273 1470 suique
291 1399 398 1469 ingenii
417 1397 540 1468 arbaque
559 1402 627 1453 uota
646 1399 766 1470 sunaus.
803 1401 879 1454 uude
902 1400 955 1455 hoc
974 1400 1120 1470 colligam,
1139 1401 1297 1470 interrogas
1316 1419 1349 1455 ex

174 1496 238 1544 me?
279 1489 344 1542 iude
368 1488 442 1555 quod
465 1488 518 1542 hoc
540 1503 652 1543 carmeu
675 1487 793 1542 eandem
817 1506 901 1557 quam
925 1507 948 1545 c.
967 1488 1056 1543 LXIV
1083 1489 1205 1545 indolem
1228 1505 1297 1561 prae
1320 1506 1350 1545 se

174 1579 237 1633 fert.
275 1594 338 1632 uam
358 1578 460 1646 spretis
478 1578 530 1645 eis,
555 1593 627 1646 quae
652 1576 774 1632 adlicere
798 1576 890 1632 solent
908 1578 1059 1633 mediocria
1077 1578 1204 1649 ingenia,
1222 1578 1351 1635 Catullus

174 1682 231 1722 nou
259 1668 447 1722 commoratur
474 1665 505 1721 iu
532 1665 725 1720 communibus
752 1664 822 1732 illis,
847 1682 918 1734 quae
946 1665 1056 1721 modice
1079 1666 1205 1737 sciteque
1233 1666 1352 1722 adhibet

175 1756 278 1826 partim
303 1755 330 1809 in
355 1771 485 1810 scaenam
510 1754 695 1809 necessariam
715 1753 819 1824 partim
841 1755 870 1808 iu
890 1757 1081 1810 ornamentum
1110 1757 1151 1825 (et
1173 1754 1239 1809 hinc
1263 1753 1349 1825 expli·

176 1845 296 1900 candum
316 1845 451 1913 estquod
470 1843 643 1898 breuissimis
667 1842 748 1897 lineis
774 1844 803 1897 et
821 1843 898 1898 locos
922 1846 951 1898 et
970 1846 1077 1898 ceteras
1095 1846 1207 1914 praeter
1225 1843 1351 1899 Attidem

176 1950 308 2008 personas
327 1933 531 2003 adumbrauit),
550 1934 599 1987 sed
619 1949 729 1988 omnem
756 1933 941 1987 intentionem
964 1936 1089 1988 nostram
1111 1932 1238 2003 derigere
1256 1932 1355 1988 studet

175 2024 206 2080 iu
228 2040 292 2079 eum
316 2022 419 2088 solum,
452 2021 531 2076 cuius
555 2022 704 2091 imaginem
728 2021 838 2076 tristem
862 2022 962 2076 artifex
986 2039 1110 2076 summus
1136 2020 1216 2077 uobis
1239 2020 1350 2078 subicit.

175 2129 242 2168 uam
266 2111 353 2168 animi
375 2111 526 2166 affectuum
551 2110 643 2181 pictor
666 2111 796 2181 egregius
819 2112 908 2165 totam
931 2111 1020 2165 artem
1041 2109 1182 2166 conuertit
1201 2111 1231 2165 iu
1249 2110 1351 2166 descri-

176 2201 270 2257 benda
294 2218 344 2271 per
368 2200 494 2271 singulos
519 2200 622 2270 gradus
648 2200 713 2255 iude
739 2217 757 2255 a
781 2199 873 2255 lurore
902 2217 1010 2255 summo
1036 2216 1124 2269 usque
1149 2200 1187 2254 ad
1213 2217 1351 2256 summam

176 2289 380 2364 paenitentiam
399 2286 490 2359 πάθη.
520 2290 623 2344 friuola
640 2292 724 2359 atqua
742 2290 796 2344 hoc
816 2291 881 2344 uate
901 2288 1016 2359 indigua
1034 2293 1078 2344 est
1091 2306 1187 2344 eorum
1202 2289 1352 2358 sententia,

177 2381 225 2450 qui
243 2381 356 2450 poetam
374 2395 452 2434 mera
477 2379 507 2434 in
526 2381 615 2434 metro
638 2379 753 2433 insolito
777 2396 807 2433 se
826 2377 973 2433 exercendi
992 2377 1148 2448 cupiditate
1166 2379 1282 2434 ductum
1300 2379 1353 2436 hos

177 2485 274 2524 uereus
292 2468 421 2538 punxisse
441 2470 577 2523 statuunt.
614 2467 764 2522 adlieuerit
782 2468 921 2533 nostrum,
945 2469 977 2521 ut
994 2467 1126 2536 aequales
1145 2470 1265 2536 eeteros,
1288 2467 1353 2539 ipsa

178 2558 330 2613 difficultas
353 2558 383 2612 in
406 2557 503 2627 lingua
526 2556 616 2611 latina
639 2556 750 2611 duuorc
774 2555 865 2610 adhuc
888 2559 974 2624 atque
998 2571 1089 2625 egena
1113 2555 1283 2625 galliambos
1308 2560 1354 2612 tot

178 2644 295 2718 syllabis
315 2645 446 2700 breuibus
465 2646 601 2701 tremulos
620 2645 704 2715 digne
719 2644 917 2714 componendi:
937 2661 993 2699 nou
1007 2643 1098 2698 miuus
1113 2644 1208 2700 hercle
1226 2645 1288 2715 ipsa
1307 2665 1352 2701 res

177 2753 240 2790 euru
265 2734 355 2789 lenuit
378 2734 539 2789 deuinctum
566 2735 660 2788 auimo
683 2733 797 2801 intimo,
825 2749 880 2802 quo
904 2732 1089 2787 auersabatur
1116 2734 1209 2788 cultus
1235 2735 1353 2790 Asiatici

178 2824 267 2879 diram
288 2824 473 2879 atrocitatem.
511 2826 667 2892 iterumque
685 2822 775 2877 terreo
799 2821 869 2876 mihi
892 2820 1015 2892 praediti
1038 2820 1170 2877 uidentur
1187 2824 1284 2893 eorde,
1304 2825 1354 2894 qui

177 2931 233 2969 nou
247 2914 422 2983 adgnoscunt
437 2914 523 2968 uerba
539 2913 598 2980 illa,
618 2912 717 2981 quibus
737 2929 754 2966 a
773 2928 803 2965 se
822 2911 935 2981 suisque
954 2911 1092 2967 netarium
1110 2910 1234 2967 furorem
1254 2929 1271 2967 a
1288 2913 1353 2968 reli·

178 3003 261 3072 gione
288 3002 421 3056 iniectum
449 3001 614 3071 deprecatur
641 3003 739 3071 poeta,
771 3004 944 3070 quantopere
977 2998 1065 3055 animi
1097 3017 1194 3056 sensns
1227 2999 1352 3058 sinceros

178 3108 315 3160 uerasque
334 3090 468 3144 referant:
487 3108 543 3145 nou
563 3091 605 3145 ita
619 3091 717 3145 scribit
731 3090 779 3159 qui
793 3089 852 3145 stili
866 3089 1011 3160 componit
1025 3090 1264 3146 exercitationem.
1295 3089 1353 3147 elio

178 3179 262 3236 modo
280 3180 365 3249 poeta
383 3178 576 3249 philosophus,
596 3179 653 3234 alio
672 3179 775 3248 lyricus
795 3194 973 3234 commouere
988 3179 1094 3245 studet;
1115 3179 1164 3232 sed
1182 3179 1303 3249 utrique⁸
1323 3185 1354 3236 et

178 3268 322 3324 Lucretius
348 3270 377 3322 et
400 3265 539 3334 Catullus,
565 3269 620 3324 hoc
644 3267 750 3324 babent
772 3269 948 3338 propositum
972 3285 1119 3323 commuue
1145 3268 1287 3323 communi
1311 3270 1353 3323 in-

179 3358 340 3430 diguatIone
359 3357 494 3426 correpti,
517 3360 549 3411 ut
568 3360 703 3426 quantum
728 3358 843 3412 suadere
867 3357 954 3427 possit
978 3355 1117 3411 malorum
1140 3355 1240 3426 rcligIo
1259 3359 1354 3412 osteu-

180 3448 257 3503 daut.
286 3446 456 3502 admiremur
473 3449 571 3515 adem,
590 3463 646 3515 qua
659 3445 688 3501 C.
704 3445 827 3516 suscepti
842 3445 1057 3501 difficultatibus
1072 3445 1210 3515 superatis
1224 3443 1352 3516 linguam

178 3537 299 3609 patriam
323 3535 508 3591 reluctantem
535 3533 763 3590 adcommodauit
787 3535 879 3588 uersui
903 3534 1090 3604 alienigenae,
1120 3534 1165 3588 oui
1189 3535 1275 3590 debet
1297 3533 1353 3591 hoe

180 3644 282 3698 poema
304 3624 480 3695 splendorem
505 3642 583 3678 suum
604 3625 748 3679 externum
768 3626 807 3691 (et
832 3627 875 3678 est
897 3640 965 3679 saus
987 3623 1097 3679 nullum
1117 3627 1237 3679 metrum
1256 3624 1353 3696 aptius

179 3715 219 3769 rei
244 3714 426 3782 descriptae):
452 3730 485 3766 ue
511 3712 591 3782 parui
616 3715 712 3765 tamen
735 3711 915 3766 aestimemus
939 3711 1049 3769 iunctas
1072 3730 1135 3768 cum
1158 3714 1267 3770 formae
1289 3731 1354 3784 per·

181 3804 300 3859 factione
319 3819 429 3857 summa
447 3802 566 3856 uirtutes
585 3801 708 3855 internas
727 3799 756 3855 in
775 3799 889 3871 ingenio
907 3801 1019 3872 poetico
1037 3802 1159 3873 positae,
1178 3802 1279 3873 quibus
1299 3805 1354 3859 hoc

180 3909 291 3947 carmen
311 3908 367 3946 nou
385 3892 474 3945 solum
495 3891 568 3944 inter
584 3888 744 3944 Catulliana
761 3888 881 3958 primum
897 3892 1007 3977 optiuqt
1024 3892 1130 3959 locum,
1149 3892 1198 3947 sed
1217 3891 1305 3948 etiarn
1324 3892 1353 3947 in

180 3982 257 4038 omni
275 3981 444 4050 antiquitate
462 3997 553 4049 pauca
571 3979 657 4034 habet
675 3977 718 4033 sui
736 3977 816 4047 paria
835 3979 1002 4050 similiaque.

702 4133 821 4190 um.

252 4250 280 4304 1.
304 4248 426 4303 Pellaeo
448 4247 595 4316 quondam
618 4249 785 4316 prognatae
809 4247 927 4304 uertlee
950 4248 1051 4319 pluas.
1088 4264 1199 4303 summa
1221 4247 1249 4302 in
1270 4251 1353 4318 parts

181 4336 278 4392 Pelion
302 4336 413 4391 uirebat
436 4337 556 4406 piuubus
580 4338 654 4390 teste
674 4335 776 4391 Ouidio
794 4336 858 4391 fast.
878 4337 903 4390 V
921 4341 981 4391 382.
1020 4336 1059 4390 ibi
1078 4335 1166 4405 igitur
1189 4336 1273 4390 natas
1290 4337 1353 4406 (pro

182 4443 239 4496 quo
265 4427 351 4481 uerbo
377 4425 497 4494 simplici
523 4426 615 4495 poetis
641 4425 755 4495 quidem
781 4424 871 4495 magis
895 4425 1031 4479 usitatum
1054 4427 1098 4477 est
1121 4424 1256 4479 sollemne
1281 4423 1354 4479 illud
