2940 4912
603 309 735 366 nxvuu
753 264 866 365 n-so.
1005 395 1007 399 Δ
1255 309 1321 375 525

143 470 319 540 propositum
338 471 498 540 redeamus,
517 471 725 542 peruersissirne
749 470 868 541 cogitari
892 471 925 524 de
945 471 1062 526 mortuis
1087 469 1147 526 sine
1166 470 1320 527 Protesilao

144 559 203 614 siue
222 559 389 627 Laudamia,
409 560 520 616 hicum
540 562 668 617 uiuentes
687 560 755 616 olim
770 561 866 630 iugum
881 560 952 614 ferre
968 557 1130 627 didicerint,
1150 562 1250 630 utpote
1269 577 1319 630 per

143 649 228 704 breue
247 648 315 704 licet
337 652 448 719 tempus
474 649 616 721 coniuges.
652 667 704 704 nec
728 650 819 720 magis
842 649 931 704 totius
955 647 1011 703 loci
1030 665 1150 703 conexus
1173 648 1227 703 tali
1245 648 1323 703 fauet

143 739 308 793 sententiae.
338 755 403 793 nam
422 738 487 793 inde
502 738 658 808 profectus,
678 754 772 792 amoro
786 737 951 807 flagrantem
967 737 1150 792 Laudamiam
1164 737 1193 792 in
1208 737 1322 793 domum

143 825 292 881 Protesilai
309 825 431 894 uenisse,
446 831 578 896 superato
591 827 693 882 itinere
706 843 757 897 per
771 827 875 882 multas
890 825 1083 895 degressiones
1097 825 1221 882 flexuoso
1237 832 1323 897 poeta

143 930 216 968 nunc
234 915 271 969 ad
288 913 360 969 illud
378 914 490 970 initium
510 917 660 971 reuertitur
678 916 829 987 paulatim,
848 918 880 970 ut
898 933 924 970 u.
940 920 973 970 el
989 932 1028 983 sq.
1048 912 1179 968 Lesbiam
1193 914 1223 969 in
1238 932 1319 971 suurn

144 1004 280 1073 gremium
298 1004 459 1059 uenientem
478 1006 580 1060 iterum
598 1022 661 1059 oum
682 1004 795 1060 heroine
814 1004 950 1059 Thessala
968 1006 1120 1074 comparet.
1158 1004 1321 1059 barathrum

143 1095 251 1162 autem,
274 1093 304 1148 in
326 1093 402 1162 qnod
425 1095 495 1149 haec
520 1095 616 1150 delata
639 1098 711 1162 erat,
737 1094 858 1149 uidimus
881 1093 967 1148 fuisse
990 1092 1020 1146 id
1044 1092 1136 1161 ipsum
1161 1094 1236 1162 quod
1262 1094 1321 1149 sine

142 1180 243 1236 iuuene
263 1186 357 1239 amato
376 1184 431 1237 iam
457 1184 553 1239 uiuere
577 1184 712 1254 nequiret.
751 1201 805 1253 quo
829 1183 963 1238 barathro
989 1180 1013 1235 si
1036 1181 1200 1251 profundior
1218 1183 1322 1238 dicitur

143 1269 228 1325 tuisse
254 1272 406 1340 profundus
429 1273 541 1344 puellae
566 1290 645 1328 amor
663 1269 768 1345 (βαθὺς
792 1270 861 1341 ἔρως
880 1272 997 1326 Theocr.
1021 1269 1039 1325 l.
1060 1271 1104 1340 l.)‚
1128 1288 1190 1327 eam
1215 1288 1248 1327 ex
1271 1274 1321 1328 illo

143 1347 288 1415 emersisse
317 1361 401 1429 atque
429 1364 518 1429 uiam,
542 1378 598 1431 qua
626 1360 765 1418 fineretur
791 1361 912 1432 amplius
938 1378 971 1415 eo
998 1360 1046 1429 qui
1072 1357 1128 1413 sibi
1150 1359 1212 1414 nita
1236 1362 1321 1429 atque

144 1448 240 1503 anima
259 1452 333 1504 esset
351 1449 454 1518 carior,
473 1451 615 1506 inuenisse
630 1450 812 1520 significatur.
836 1451 954 1505 firmiter
970 1450 1064 1503 autem
1079 1449 1267 1517 recordantes,
1284 1449 1320 1504 ad

143 1534 230 1593 limen
248 1539 416 1593 narrationis
436 1538 588 1610 (uirginem
614 1557 708 1595 amore
727 1557 860 1595 nesanam
885 1539 916 1593 in
938 1538 1038 1593 amasii
1062 1539 1176 1593 domum
1200 1538 1320 1607 uenisse)

144 1627 214 1696 pede
238 1627 316 1682 lento
339 1627 431 1683 redire
454 1632 580 1698 poetam,
607 1630 663 1684 ism
683 1645 755 1698 quae
774 1629 860 1684 luerit
877 1628 929 1682 illa
946 1627 994 1683 uia
1018 1627 1092 1682 altro
1115 1627 1320 1696 intellegimus:

144 1735 207 1773 cum
231 1734 347 1786 sponsus
375 1718 410 1773 ad
434 1719 641 1789 expeditionem
664 1718 811 1774 'licisnam
836 1720 997 1786 uocaretur,
1022 1716 1118 1786 puella
1141 1716 1201 1770 alto
1225 1732 1321 1770 amore

144 1821 194 1860 sno
213 1805 334 1875 impulsa
356 1824 409 1862 nec
427 1806 505 1877 leges
524 1808 639 1878 pudoris
656 1807 803 1877 uirginalis
829 1806 968 1876 morisque
991 1804 1091 1860 traditi
1109 1820 1161 1858 nec
1180 1805 1248 1859 deos
1272 1821 1319 1858 cu·

143 1893 231 1961 ranit,
251 1896 300 1949 sed
313 1893 435 1950 inferens
451 1913 480 1951 ss
495 1897 590 1967 sponsi
609 1897 691 1952 aulae
709 1897 839 1965 precibus
858 1894 916 1950 suis
930 1894 1046 1949 tandem
1062 1893 1160 1963 adegit
1178 1893 1317 1962 iuuenem,

145 1985 176 2035 ut
195 1981 242 2037 nel
260 1983 415 2054 inperfecta
433 1986 517 2040 domo
536 1984 635 2040 fierent
661 1985 783 2055 nuptiae.
822 1986 875 2039 hoc
899 1988 944 2039 est
961 1982 1032 2036 illud
1053 1982 1143 2036 ‘amor
1161 1981 1227 2034 tuns
1246 1981 1321 2036 altus

144 2070 215 2125 ferre
234 2072 332 2141 iugum
351 2073 448 2128 docuit
465 2073 603 2129 domitum
622 2073 834 2129 Protesilaum':
854 2072 989 2143 quidquid
1008 2071 1057 2126 ille
1076 2069 1270 2125 reluctabatur
1288 2073 1321 2124 ut

143 2158 207 2228 pius
235 2161 350 2216 deornm
378 2163 482 2224 cultor.
510 2164 637 2218 resistere
667 2180 723 2218 non
751 2163 846 2233 potnit
872 2161 990 2217 instanti
1019 2159 1129 2215 mulieri
1158 2175 1320 2227 moremque

142 2246 249 2303 inuitus
268 2249 295 2303 ei
312 2248 402 2320 gessit
421 2251 604 2319 (‘domitum'‚
623 2255 797 2323 superatum,
825 2255 858 2306 nt
876 2251 933 2306 Sal.
952 2249 1013 2307 est.
1033 2256 1059 2319 7,
1078 2256 1094 2303 t
1117 2250 1209 2302 uirtus
1227 2249 1322 2302 omnia

143 2338 284 2393 domuerat
303 2338 446 2409 alibique).
484 2343 572 2396 restat
595 2343 797 2396 emendandum
820 2341 880 2410 ‘qui
899 2339 1000 2395 tuum'.
1037 2336 1103 2392 dedi
1130 2336 1197 2392 olim
1217 2337 1252 2391 ab
1271 2337 1320 2391 Al·

143 2426 272 2482 dinarum
295 2432 325 2484 et
343 2428 435 2484 Vossii
461 2429 628 2484 coniecturis
652 2430 818 2500 quibusdam
843 2431 985 2501 proiectus
1010 2426 1070 2496 ‘qui
1093 2428 1205 2481 toruum
1230 2425 1320 2480 domi-

143 2515 236 2569 nnm’:
251 2516 321 2571 adeo
335 2515 475 2571 interdum
490 2517 518 2572 in
534 2522 633 2587 aperta
648 2519 711 2572 luce
722 2516 901 2574 caecutimus.
925 2534 990 2571 nam
1004 2519 1037 2570 ut
1051 2515 1171 2582 mittam,
1184 2515 1317 2569 ‘toruum’

144 2619 200 2656 non
220 2604 290 2659 bene
310 2605 446 2673 quadrare
465 2606 494 2660 in
514 2606 701 2662 Protesilaum
727 2608 912 2662 reluctantem
931 2604 1087 2674 (‘inuitam’
1108 2602 1208 2658 melius
1226 2604 1320 2673 foret),

145 2689 174 2744 id
195 2693 268 2761 quod
288 2696 333 2748 est
352 2693 519 2750 ‘dominum'
540 2694 702 2765 planissime
721 2696 815 2761 adest,
836 2695 974 2762 siquidem
991 2694 1077 2747 ‘tuus’
1099 2693 1213 2763 (mens,
1232 2692 1320 2760 suus’,

145 2797 228 2848 porro
241 2774 318 2837 “rua’
334 2784 397 2850 cet.)
410 2783 484 2837 haud
499 2801 561 2839 raro
576 2785 703 2838 indicant
718 2788 884 2839 amatorem:
900 2782 988 2852 Lydia
998 2790 1031 2837 41
1047 2783 1141 2850 Luna,
1156 2788 1220 2837 tuus
1233 2787 1320 2836 tecam

145 2875 193 2936 est,
213 2887 262 2925 cur
281 2887 338 2926 non
356 2878 394 2926 est
412 2878 436 2927 et
454 2890 514 2928 mea
532 2873 667 2939 mecuna?,
687 2874 753 2928 Hor.
769 2872 812 2927 od.
828 2872 841 2925 l
859 2880 902 2942 tt,
922 2879 936 2927 7
957 2890 997 2927 me
1015 2878 1061 2927 tuo
1080 2872 1176 2941 longae
1192 2877 1320 2941 pereunte

144 2964 234 3013 noctes
252 2961 282 3013 et
300 2960 312 3012 I
334 2968 379 3030 lb,
398 2968 431 3015 32
451 2979 508 3017 non
526 2964 575 3018 lroc
588 2964 733 3033 pollicitus
750 2968 826 3029 tuce,
852 2961 913 3018 Tib.
935 2962 945 3013 l
965 2968 996 3032 4,
1015 2968 1049 3017 '15
1067 2967 1165 3031 pareat
1182 2962 1228 3016 ille
1245 2977 1319 3027 auae,

144 3045 342 3116 Prop.19,22
358 3067 438 3119 posse
451 3068 550 3121 negare
568 3058 645 3118 tuae,
665 3051 782 3108 Ouidius
801 3052 920 3122 saepius.
945 3049 1046 3121 quodsi
1062 3051 1118 3105 iam
1134 3066 1191 3103 una
1208 3049 1319 3118 syllaba

145 3135 180 3189 ad
199 3136 348 3191 uerborum
371 3138 563 3209 integritatem
586 3141 677 3210 deest,
701 3141 768 3210 quid
793 3140 885 3210 magis
909 3140 938 3195 in
958 3159 1017 3195 rem
1036 3138 1142 3210 poterit
1159 3153 1220 3193 esse
1239 3136 1318 3193 resti·

144 3224 206 3278 tuto
226 3224 342 3294 ‘quine’,
367 3228 419 3283 hoe
438 3231 483 3284 est
502 3229 617 3300 ‘quippe
642 3229 700 3300 qui’
723 3230 769 3298 (cf.
794 3229 830 3283 ad
849 3232 915 3300 tl)?
951 3227 1064 3299 iamque
1089 3232 1154 3300 (quo
1179 3229 1321 3283 sententia

145 3317 241 3368 nostra
259 3317 342 3383 plane
361 3317 551 3387 confirmatur)
570 3319 606 3372 ad
633 3318 745 3373 iunctae
770 3336 833 3372 cum
853 3318 1008 3373 Protesilao
1033 3333 1083 3372 suo
1107 3318 1218 3389 puellae
1242 3336 1319 3373 amo-

144 3418 204 3455 rem
222 3404 350 3457 tenerum
369 3404 564 3476 feruidumque
584 3406 797 3461 describendum
815 3424 890 3462 noua
908 3407 1087 3476 degressione
1107 3408 1208 3463 transit
1226 3411 1318 3478 poeta.

145 3521 177 3529 -
200 3490 246 3563 te,
266 3491 314 3547 80.
338 3509 406 3549 nans
432 3509 488 3550 nec
511 3498 573 3551 tam
597 3510 701 3551 carum
725 3496 863 3550 conlecto
883 3496 982 3550 aetate
1005 3496 1126 3564 parenti
1151 3511 1210 3552 ana
1228 3496 1320 3565 capnt

144 3579 207 3635 aeri
226 3582 298 3636 nata
321 3585 441 3652 nepotis
463 3586 532 3640 allt.
571 3585 658 3640 ‘nam’
686 3585 720 3640 ad
742 3583 829 3640 ‘altus
848 3586 938 3639 amor’
960 3586 1078 3655 spectat.
1116 3585 1231 3638 fundum
1251 3585 1320 3639 ima·

145 3667 218 3737 ginis
237 3670 293 3725 iam
313 3670 446 3728 dStntins
465 3673 539 3729 uidit
557 3691 617 3729 esse
635 3673 787 3728 Pindarum
804 3672 914 3743 Olymp.
932 3679 973 3739 11,
993 3679 1027 3728 86
1046 3667 1109 3726 ἀλλ’
1130 3663 1182 3727 aits
1202 3679 1270 3734 παῖς
1289 3668 1319 3738 ἐξ

145 3753 250 3827 ἀλόχου
270 3761 354 3829 πατρὶ
377 3759 514 3826 ποθεινὸς
537 3765 627 3819 iuovts
645 3759 780 3825 νεότατος
804 3758 835 3816 τὸ
854 3758 939 3816 πάλιν
959 3760 1027 3832 ἤδη,
1046 3760 1121 3832 μάλα
1141 3757 1173 3815 δέ
1192 3780 1235 3816 τοι
1253 3765 1319 3831 bsp-

145 3847 241 3915 μαίνει
260 3845 390 3917 φιλότατι
413 3847 490 3906 νόον.
529 3848 592 3906 ἐπεὶ
610 3853 728 3914 πλοῦτος
747 3846 870 3921 ὁλαχὼν
889 3849 1011 3919 ποιμένα
1031 3843 1155 3904 ἐπακτὸν
1173 3844 1318 3917 ἀλλότριον

145 3933 301 3991 eversam
327 3935 546 4009 στυγερώτατος,
575 3940 621 3995 cui
645 3939 769 4009 praeibit
792 3941 872 3994 Hom.
896 3937 928 3992 ll.
952 3937 990 3991 IX
1014 3945 1064 3994 481
1092 3939 1144 3992 καί
1163 3957 1196 4008 με
1222 3932 1317 4006 φίλησ’

146 4020 216 4080 dos(
231 4046 259 4081 τε
279 4024 372 4096 πατὴρ
387 4021 420 4082 ὃν
440 4030 529 4081 παῖδα
550 4025 652 4098 φιλήσῃ
672 4029 778 4097 μοῦνον
793 4026 944 4097 τηλύγετον
959 4031 1101 4082 πολλοῖσιν
1121 4022 1168 4081 ἐπὶ
1187 4023 1318 4080 ararites-

146 4133 198 4172 σιν,
227 4116 273 4170 cni
291 4115 408 4185 imagini
427 4119 629 4172 transmarinae
648 4115 830 4173 admiscuisse
845 4120 961 4187 poetam
976 4116 1083 4171 colores
1099 4115 1239 4170 Romanos
1254 4133 1318 4170 mox

146 4203 311 4259 uidebimus.
354 4205 436 4261 diuiti
465 4223 515 4276 per
543 4205 650 4259 senium
678 4223 766 4276 paene
796 4210 893 4261 enecto
921 4204 1000 4275 (Aen.
1025 4205 1063 4258 IV
1087 4210 1138 4260 699
1167 4205 1319 4271 confectum

145 4299 233 4349 nacte
253 4298 407 4363 parentem)
431 4293 513 4348 unica
537 4294 595 4349 filia
618 4296 671 4349 alit
696 4295 754 4349 siue
781 4294 877 4348 ednoit
901 4294 982 4349 anxie
1008 4295 1084 4361 (Hor.
1105 4294 1156 4347 sat.
1177 4293 1202 4346 ll
1222 4300 1253 4361 o,
1272 4297 1318 4363 46)

145 4385 178 4438 ut
196 4400 290 4438 aarum
311 4386 409 4454 caput,
432 4383 460 4437 in
486 4399 540 4451 quo
560 4380 651 4437 omnis
669 4383 717 4438 ani
741 4399 808 4438 curs
825 4399 959 4452 amorque
978 4383 1082 4438 residet
1100 4381 1176 4450 (Hor.
1196 4381 1264 4437 ibid.
1283 4387 1318 4436 94
