2940 4912
617 327 706 384 LXIII
723 334 839 384 92-93.
1249 330 1314 396 359

141 492 190 547 sod
208 507 365 562 conparans
384 490 421 545 ad
439 489 558 545 formam
577 489 735 546 breuiorem
752 490 835 546 Mart
854 489 906 546 XII
923 495 967 558 4³,
986 496 1002 545 3
1021 490 1115 561 poclm
1132 470 1180 546 aec
1198 491 1316 562 Didymi

140 582 234 637 roim
248 581 360 651 puellae
379 577 496 648 errauit,
520 595 584 634 cum
607 577 719 634 dicatur
736 578 871 649 Didymos
893 595 982 649 prope
999 578 1128 635 Miletum
1147 578 1210 635 sita.
1248 580 1313 634 aim·

140 668 243 741 plicius
261 670 331 724 haec
350 669 502 725 difficultas
521 669 637 724 tolletur
655 668 777 738 reposito
798 667 934 736 ‘domna’,
958 667 987 722 id
1011 668 1087 737 quod
1109 669 1174 722 ante
1194 685 1239 723 me
1257 668 1315 724 iam

141 758 206 815 Itali
219 758 249 813 in
263 757 405 813 nonnullis
420 758 500 813 codd.
515 756 693 827 interpolatis
706 756 752 827 (cf.
768 754 873 826 Silligii
887 754 986 821 editio)
1000 755 1192 812 restituerunt.
1216 761 1313 814 notum

140 849 192 916 est,
210 846 240 901 in
258 847 376 903 uocibus
394 846 548 902 ‘dominus’
569 849 599 901 et
618 845 755 901 ‘domina’
775 845 837 901 uita
855 843 885 899 in
904 845 1059 901 cottidiana
1077 847 1136 901 tam
1155 846 1231 902 tritis
1251 866 1314 918 syn·

140 955 228 1007 copen
254 954 307 992 usu
332 937 442 991 uenisse
467 935 545 1002 (CIL.
569 935 593 989 V
618 940 670 989 714
695 935 860 1002 domantur,
887 935 971 991 Orell.
996 932 1078 991 inscr.
1102 940 1186 1005 ella,
1212 937 1312 994 Murat

139 1026 220 1082 iuscr.
236 1032 298 1094 201,
314 1027 353 1094 1);
372 1041 464 1094 neque
483 1024 637 1095 quidquam
651 1025 759 1090 obstat,
778 1025 926 1092 quominus
940 1022 994 1079 hoc
1008 1025 1045 1079 ad
1059 1025 1175 1080 deornm
1190 1027 1313 1097 adpellu-

138 1115 243 1170 tionam
269 1113 438 1169 translatum
465 1131 526 1169 esse
552 1116 689 1183 putemus.
732 1128 797 1166 nam
823 1129 856 1166 ex
882 1112 958 1168 uitae
986 1112 1157 1168 collidimus
1183 1131 1235 1169 usu
1260 1116 1312 1171 hoc

138 1205 231 1274 ipsum
249 1201 342 1268 fluxit,
367 1204 442 1270 quod
466 1204 533 1258 deos
557 1219 669 1271 quoque
693 1202 814 1270 deasque
837 1203 947 1257 ueteres
971 1203 1112 1258 uocabant
1138 1204 1266 1259 dominos
1286 1209 1315 1261 et

139 1293 267 1348 dominas
290 1292 337 1361 (of.
361 1292 532 1347 Graecorum
556 1289 708 1360 δέσποινα,
732 1287 865 1358 ἄνασσα);
891 1290 958 1346 uide
980 1290 1101 1361 interpp.
1124 1293 1160 1347 ad
1185 1297 1252 1349 Aen.
1273 1295 1313 1349 111

139 1387 193 1437 438
211 1383 402 1451 domitamque
418 1387 561 1451 potentem.
588 1379 643 1436 hoc
661 1382 754 1435 antem
770 1382 871 1449 poetae
885 1396 961 1435 more
976 1379 1060 1435 solito
1074 1379 1104 1435 in
1123 1380 1252 1437 sollemni
1272 1384 1313 1438 in-

138 1471 286 1527 uocatione
296 1469 424 1541 epitheta
433 1469 601 1525 cumulantis
612 1468 758 1524 consilium
770 1485 829 1524 esse
838 1469 958 1537 uidetur,
968 1471 1001 1523 ut
1012 1473 1163 1539 postquam
1174 1469 1312 1526 summam

139 1560 260 1616 numinis
279 1559 465 1615 reuerentiam
485 1575 552 1629 prae
573 1574 601 1613 se
620 1559 689 1614 tulit
706 1558 764 1613 iam
782 1557 812 1613 in
836 1557 876 1612 eis
900 1575 972 1628 qnae
991 1561 1123 1614 secuntur
1140 1561 1200 1617 sine
1218 1561 1312 1617 laesae

139 1649 296 1706 maiestatis
317 1651 393 1703 metu
407 1649 495 1703 libere
509 1648 599 1719 possit
617 1647 742 1718 prolerre
761 1647 943 1703 sententiam:
963 1677 996 1688 -
1015 1646 1063 1703 er.
1082 1650 1191 1718 procul
1202 1664 1228 1713 a
1245 1665 1313 1708 mea

137 1739 208 1794 tuoe
226 1738 269 1793 alt
287 1738 376 1794 furor
398 1737 512 1808 omnis,
536 1751 605 1809 era,
632 1736 731 1793 domo.
767 1753 801 1791 ne
824 1739 927 1805 tangat
950 1753 1040 1791 meam
1063 1737 1201 1792 familiam
1219 1739 1312 1795 rabies

137 1830 196 1884 tam
218 1826 353 1882 torribilis
372 1829 402 1881 et
420 1827 547 1882 luctuosa
565 1826 623 1880 ulla
641 1844 675 1882 ex
693 1829 774 1895 perta
793 1825 876 1893 (nihil
894 1824 971 1880 illius
997 1825 1033 1879 ad
1056 1843 1133 1881 meos
1152 1827 1310 1898 pertineat).

138 1917 219 1972 Ouid.
239 1917 303 1972 fast.
323 1917 359 1971 IV
380 1922 431 1971 116
455 1934 474 1970 a
496 1917 575 1971 nobie
597 1916 634 1971 ait
655 1917 752 1984 procul
775 1918 825 1970 tete
846 1918 936 1984 furor.
975 1916 1061 1970 ‘erus’
1083 1919 1112 1970 et
1131 1916 1212 1984 ‘era’‚
1232 1920 1263 1972 ut
1281 1917 1311 1971 iu

136 2004 246 2063 familia
264 2005 394 2061 dominus
412 2009 441 2059 et
459 2005 587 2071 domina,
606 2005 646 2061 sic
665 2004 710 2059 dei
730 2005 904 2060 uocabantur
922 2005 978 2059 iam
998 2005 1062 2060 inde
1077 2005 1113 2058 ab
1128 2006 1226 2075 Ειιιιίο,
1246 2024 1310 2061 ann.

136 2101 189 2151 203
208 2094 240 2149 V.
260 2112 308 2149 erc
326 2096 444 2165 quidque
461 2095 534 2160 serat
552 2094 638 2159 Fora;
663 2095 697 2148 cl.
719 2093 846 2148 LXVllli
864 2101 898 2149 36
918 2098 947 2148 et
965 2100 1008 2149 ³8.
1034 2128 1058 2133 —
1089 2094 1138 2152 aa.
1158 2095 1236 2151 alica
1254 2111 1310 2163 age

137 2183 297 2255 incitatos,
315 2183 394 2239 allae
412 2197 468 2250 age
487 2183 620 2240 rabldos.
648 2185 729 2253 quasi
744 2184 880 2238 ambabus
894 2184 1024 2238 manibus
1037 2183 1136 2253 procul
1155 2201 1172 2240 a
1191 2201 1221 2238 ae
1240 2185 1309 2239 suia·

136 2290 190 2342 que
209 2273 305 2328 arceat
322 2289 433 2327 omnem
452 2273 533 2327 huius
552 2273 644 2328 cultus
663 2273 875 2342 contagionem,
893 2272 1047 2327 fortissime
1067 2272 1096 2328 (l.
1115 2273 1219 2342 repetit
1237 2273 1308 2328 illud

137 2360 231 2417 ‘ulios’
252 2361 336 2416 simul
355 2378 418 2416 cum
438 2361 665 2416 adscensionem
690 2361 748 2415 illis
767 2358 924 2416 ‘incitatos'
947 2364 991 2428 (τι
1010 2361 1173 2429 instinctos3
1197 2359 1253 2417 cic.
1273 2362 1308 2417 de

135 2452 192 2506 diu.
206 2450 218 2503 I
233 2456 275 2518 36,
296 2458 328 2505 79
347 2456 436 2504 terroe
453 2452 498 2505 uis
516 2450 646 2521 Rjtlriom
664 2450 780 2518 Delphis
798 2450 945 2518 incitabat)
964 2452 994 2504 et
1014 2448 1164 2518 ‘rabidos’;
1183 2468 1234 2520 pro
1253 2469 1308 2520 quo

136 2539 180 2594 hic
204 2555 314 2609 qnoque
338 2540 432 2608 inepte
452 2540 475 2595 V
499 2537 588 2594 tradit
607 2539 761 2607 ‘rapidos‘.
801 2540 898 2609 ἀφ’,
917 2537 1035 2608 inpelle,
1059 2542 1091 2592 ut
1116 2557 1158 2594 er.
1177 2557 1218 2609 gr.
1237 2542 1307 2596 Aen.

135 2627 185 2682 Vll
204 2633 265 2683 40⁶.

206 2717 323 2786 Cybeles
346 2719 437 2772 cultus
462 2718 526 2772 inde
550 2735 567 2770 a
593 2719 714 2772 secundo
734 2718 808 2772 bello
828 2716 932 2772 Punico
952 2718 1057 2772 Romae
1083 2719 1165 2772 nctus
1184 2718 1229 2787 (de
1248 2718 1308 2774 eiua

135 2806 187 2861 sub
214 2807 429 2876 imperatoribus
458 2807 512 2861 ritu
542 2807 680 2875 certisque
706 2806 882 2862 caerimoniis
910 2807 945 2862 cl.
972 2805 1088 2860 Prelleri
1112 2806 1200 2875 myth.
1228 2808 1306 2862 Rom.

134 2914 161 2964 p.
181 2901 233 2950 736
248 2898 320 2965 sqq.)
341 2897 392 2950 sub
411 2898 494 2950 finam
514 2896 619 2951 liberae
638 2896 809 2965 reipublicae
833 2896 903 2951 mire
922 2896 1058 2950 excitauit
1076 2897 1227 2951 multorum
1246 2899 1307 2951 tnm

134 2987 280 3054 poetarum
304 2985 425 3055 ingenia.
463 3002 528 3040 uam
551 2988 584 3039 ut
606 2987 710 3040 habent
734 3003 785 3040 sua
807 2986 868 3040 tata
891 2986 976 3041 etiam
1001 2988 1168 3055 argumenta
1185 2986 1306 3056 poetica,

134 3072 305 3128 Alexandria
322 3074 395 3130 forte
414 3075 533 3130 aduecta
552 3076 668 3129 Romam
687 3075 806 3130 materia
828 3074 879 3129 illa
902 3076 1032 3130 certatIm
1051 3077 1227 3130 tractabatur
1246 3077 1305 3130 tam

133 3179 151 3215 a
169 3163 281 3218 Catullo
305 3164 442 3233 sociisque
467 3165 512 3233 (de
536 3164 634 3219 horum
659 3183 714 3219 uno
733 3165 856 3220 Caecilio
875 3165 910 3220 ci.
930 3182 952 3220 c.
973 3164 1088 3234 XXXV)
1107 3182 1191 3234 quam
1209 3165 1246 3219 ab
1265 3165 1306 3219 eis

133 3253 180 3321 qui
200 3254 294 3307 cetera
312 3270 329 3306 a
347 3254 438 3321 poetis
458 3254 606 3308 neotericis
626 3254 781 3311 studiorum
800 3254 909 3310 ratione
928 3255 1085 3322 distabant,
1104 3272 1122 3309 a
1136 3256 1260 3310 Varrone
1275 3253 1304 3308 in

133 3343 235 3396 saturis
250 3340 406 3411 Menippeis
421 3343 466 3410 (cf.
478 3343 576 3411 fragm.
589 3349 631 3409 79,
644 3350 692 3398 131
707 3345 736 3398 et
747 3350 806 3411 132,
816 3350 869 3398 275
878 3344 921 3407 B.)
932 3344 1100 3398 etIrueretio
1110 3344 1145 3411 (ll
1157 3349 1208 3399 600
1219 3347 1304 3412 sqq.);

134 3446 183 3483 nec
202 3431 302 3498 postea
320 3433 447 3501 tempore
462 3431 606 3501 Augustae
625 3436 764 3487 amatores
779 3433 822 3486 illi
836 3433 962 3496 defuere,
982 3432 1153 3487 Maecenatis
1172 3435 1203 3485 nt
1222 3431 1306 3487 docet

133 3517 299 3588 exemplum.
336 3518 492 3574 adliciebat
511 3521 615 3590 quippe
634 3524 692 3576 tam
715 3522 753 3575 rei
772 3522 860 3590 ipsius
878 3519 955 3575 dirus
973 3522 1073 3576 horror
1091 3522 1227 3575 lectorum
1246 3520 1305 3574 ani·

133 3626 192 3664 mos
212 3611 400 3664 commoturus
424 3628 507 3679 quam
531 3611 653 3680 suscepti
676 3610 828 3665 difficultas
852 3610 880 3663 iu
900 3613 990 3664 metro
1008 3610 1114 3679 posita,
1137 3609 1182 3664 cui
1206 3610 1304 3678 aptam

133 3701 297 3769 argumento
322 3699 438 3752 formam
463 3699 600 3754 dederant
623 3699 794 3769 exemplaria
815 3698 1014 3753 Alexandrina.
1052 3697 1210 3767 dequibus
1234 3697 1304 3752 nibil

131 3787 208 3842 aliud
231 3788 333 3842 scimus
356 3806 440 3857 quarn
461 3787 665 3843 Callimachum
690 3805 785 3842 uersus
809 3787 983 3858 galliambici
1006 3787 1091 3843 fuisse
1115 3788 1303 3855 inuentorem

131 3877 165 3930 cf.
185 3875 259 3930 Guil.
280 3875 416 3931 Christiua
435 3877 501 3932 libri
521 3878 577 3933 ‘die
598 3878 700 3932 Metrilr
720 3878 768 3932 der
787 3877 924 3932 Griechen
950 3878 1007 3931 und
1027 3878 1156 3933 Iioemer’
1177 3895 1204 3947 p.
1224 3882 1276 3931 256
1286 3878 1301 3931 ¹.

131 3966 179 4022 sed
199 3983 265 4021 num
286 3966 333 4020 ille
352 3984 423 4021 nnus
441 3952 514 4021 intc'r
533 3967 681 4037 populares
701 3983 764 4021 suos
784 3967 905 4021 coluerit
928 3966 981 4020 hoc
999 3983 1097 4036 genus,
1116 3983 1205 4034 aeque
1223 3966 1301 4034 igno·

131 4059 206 4110 ratur
229 4073 314 4124 quam
337 4057 404 4122 boe,
427 4075 493 4111 num
513 4056 640 4112 Catullus
663 4073 776 4110 carmen
799 4057 941 4125 quoddam
966 4055 1187 4111 Callimacheum
1210 4052 1301 4108 imita-

130 4145 206 4200 tione
226 4144 400 4215 expresserit.
428 4144 486 4199 iam
505 4161 590 4214 supra
609 4144 717 4214 monui,
736 4143 806 4200 duos
825 4144 873 4214 qui
888 4145 1038 4213 supersunt
1051 4162 1147 4198 uersus
1163 4143 1302 4199 Battiadia

130 4234 324 4305 galliambicos
342 4235 412 4289 nihil
431 4233 509 4289 aliud
532 4235 680 4288 ostendere
699 4252 783 4303 quam
806 4234 834 4289 in
858 4234 941 4288 rebus
965 4232 1132 4303 quibusdam
1152 4233 1302 4289 leuissimis

131 4339 294 4380 consensum
309 4327 461 4380 externum.
486 4340 551 4379 nam
565 4322 709 4379 Gallorum
725 4339 775 4394 per
789 4339 876 4392 genus
892 4321 1055 4377 femininum
1071 4321 1301 4393 adpellatiouem,

130 4413 268 4469 attributa
286 4413 381 4470 Rheae
400 4413 492 4484 uaria,
511 4413 590 4470 chori
609 4412 745 4470 ululantia
759 4412 912 4484 descriptio
930 4410 1088 4482 similiaque
1108 4412 1183 4468 haud
1202 4430 1301 4490 pauca.
