2940 4912
148 341 213 404 284
644 341 719 396 Lvll
738 349 816 397 a-o.

148 519 213 556 uera
227 504 337 555 ueteres
352 501 514 568 (Teuffelius
530 501 547 556 l.
563 501 581 556 l.
597 505 665 556 nota
679 505 715 570 3),
734 519 784 557 nos
803 520 836 556 ex
855 503 1013 572 fragmento
1027 501 1134 556 maiore
1147 500 1177 555 in
1191 502 1320 558 Terentii

147 589 208 644 uita
226 589 396 645 Suetoniana
414 594 526 645 seruato
544 590 720 660 ingeniosum
741 591 919 660 lacetnmque
937 590 1027 645 uirum
1046 588 1175 646 lubenter
1194 591 1321 661 agnosci·

148 696 217 733 mus.
255 679 290 732 de
315 680 456 733 Mamurra
477 679 605 749 poetanti
628 680 662 734 cl.
682 697 704 734 c.
726 679 781 735 CV.
821 677 947 734 Catullus
971 678 1145 734 deminutiuo
1169 696 1242 734 noue
1265 681 1321 737 for·

147 770 224 822 mato
244 770 330 836 (certe
349 768 417 823 alibi
440 786 496 824 non
521 770 651 839 occurrit)
672 769 860 825 ‘eruditulns0
885 770 1057 840 sIgnificasse
1080 769 1192 824 uidetur
1214 770 1321 841 cupidi-

147 858 235 910 tatem
255 856 421 912 erudiIionis
440 858 628 927 adquirendae
647 859 695 928 (cl.
712 859 868 928 ‘querulum
889 859 1030 927 credulus,
1048 858 1217 930 garrulus’);
1237 860 1320 914 simul

146 949 242 1000 tamen
266 946 434 1001 formatione
464 952 508 1002 sot
533 948 661 1016 quaesita
685 947 829 1018 exagitare
855 947 967 1004 uidetur
992 947 1118 1004 Caesaris
1143 947 1264 1003 maxima
1291 949 1321 1003 in

146 1032 314 1089 adhibendis
325 1034 506 1090 deminutiuis
516 1035 716 1090 insuetioribns
725 1051 776 1091 nec
791 1036 912 1092 feliciter
923 1036 1040 1107 repertis
1056 1051 1179 1091 amorem
1194 1036 1321 1093 nimium.

147 1123 211 1177 hinc
235 1116 320 1177 etiam
343 1121 453 1194 explico
477 1123 547 1177 illud
568 1124 743 1193 ‘lecticulo’,
767 1125 842 1193 quod
867 1142 900 1180 ex
923 1124 946 1181 0
970 1123 1076 1194 recepi,
1103 1125 1170 1179 ante
1193 1142 1238 1180 me
1257 1142 1321 1181 cum

146 1211 298 1265 secundum
323 1210 347 1268 (I
371 1213 470 1283 uulgo.
486 1213 613 1283 legerent
637 1213 782 1269 ‘lectulo'.
825 1214 901 1285 qnod
924 1214 960 1269 ad
983 1231 1055 1280 rem,
1082 1211 1111 1268 in
1134 1215 1246 1270 lectulis
1274 1217 1320 1287 (cs.

145 1299 260 1354 Richius
278 1300 331 1355 lex.
351 1301 459 1370 antiqq.
479 1318 500 1355 s.
519 1303 558 1370 u.)
581 1301 656 1356 haud
680 1319 742 1358 raro
766 1303 867 1358 studiis
890 1303 1037 1358 litterariis
1061 1319 1175 1372 operam
1200 1304 1321 1373 dabant,

147 1388 228 1444 Ouid.
252 1392 285 1442 tr.
311 1391 324 1442 l
350 1396 394 1457 11,
419 1396 466 1458 38,
492 1390 563 1444 Plin.
587 1391 667 1460 epist.
686 1391 712 1444 V
735 1399 764 1460 6,
784 1397 808 1446 o.
844 1392 968 1463 maligne
992 1393 1086 1446 antem
1112 1390 1166 1447 hoc
1192 1393 1322 1462 adicitur,

146 1479 228 1534 ambo
248 1478 330 1533 simul
350 1495 404 1533 uno
427 1479 456 1533 in
476 1479 580 1534 lectulo
599 1479 701 1550 legisse
720 1485 750 1535 et
767 1481 923 1551 scripsisse:
946 1483 1007 1536 tam
1030 1479 1155 1534 cinaedis
1175 1481 1230 1536 hoc
1253 1497 1320 1536 con·

146 1567 224 1622 uenit
242 1585 325 1636 qnam
346 1567 443 1622 amicir
464 1569 556 1631 (Mart.
576 1568 615 1622 IV
633 1575 682 1636 40,
702 1576 718 1624 6
740 1571 984 1647 commentariolis
1003 1571 1086 1625 lectas
1105 1575 1130 1623 et
1150 1587 1223 1624 ura-ua
1241 1575 1321 1640 erat).

145 1658 194 1712 sed
213 1662 307 1713 tamen
326 1658 380 1713 hoc
399 1657 489 1727 magis
507 1657 536 1712 in
555 1660 717 1713 transcursu
737 1658 870 1726 adicitur;
894 1676 958 1713 nam
982 1658 1072 1714 omnis
1097 1659 1141 1712 uis
1164 1660 1322 1714 sententiae

146 1749 189 1802 est
206 1747 299 1817 posita
313 1748 342 1802 in
357 1748 497 1802 communi
512 1746 658 1802 erudiendi
673 1764 701 1802 se
717 1748 884 1818 cupiditate:
904 1763 968 1802 uere
984 1745 1133 1817 Hauptiur,
1146 1747 1196 1817 qui
1210 1764 1323 1803 comma

145 1839 211 1906 post
233 1836 369 1891 ‘lectulo’
395 1834 482 1905 uulgo
506 1836 579 1891 male
602 1837 726 1906 positum
750 1837 868 1906 deleuIt,
891 1836 962 1891 illud
987 1835 1058 1891 dicit
1081 1836 1243 1906 ‘accaders,
1266 1856 1322 1893 non

146 1942 226 1978 suum
245 1923 297 1979 sibi
316 1925 426 1995 pondus
443 1926 605 1994 requIrera'.
635 1926 728 1997 ipsum
742 1929 837 1981 autem
855 1923 928 1981 illud
945 1923 1072 1979 ‘lectulo’
1088 1922 1226 1980 falluntur
1244 1927 1320 1995 quod

146 2016 214 2070 satis
232 2016 325 2070 tutum
342 2018 446 2084 putant
463 2016 499 2070 ab
519 2016 611 2082 hiatu,
631 2016 733 2085 quippe
752 2015 797 2071 cni
816 2015 845 2069 in
863 2014 937 2069 thesi
951 2016 995 2084 (ut
1008 2014 1094 2084 uulgo
1108 2014 1250 2083 locuntur)
1266 2013 1321 2069 nisi

144 2106 197 2160 aab
216 2103 300 2160 certis
319 2105 528 2159 condicionibus
546 2105 613 2160 hinc
631 2105 731 2160 alienis
751 2123 806 2160 non
825 2105 863 2159 sit
881 2104 968 2160 locus.
1000 2102 1102 2172 quodsi
1121 2103 1168 2158 hic
1187 2104 1321 2158 subuenit

146 2193 184 2263 0,
211 2191 284 2248 liber
310 2194 399 2248 multo
428 2210 512 2263 quam
537 2192 562 2249 (I
591 2193 690 2248 melior
718 2211 769 2248 nec
796 2192 862 2247 ullis
891 2191 1019 2246 foedatus
1047 2189 1322 2261 interpolationibus,

146 2281 306 2352 praebendo
326 2281 490 2336 ‘lecticulo'
516 2299 534 2336 a
551 2283 670 2337 metrica
688 2283 842 2336 offensione
860 2280 993 2348 liberum,
1017 2297 1072 2335 non
1096 2282 1140 2335 est
1158 2280 1253 2337 hercle
1272 2299 1322 2337 cur

146 2390 200 2428 non
221 2373 356 2428 ambabus
375 2372 504 2426 manibus
522 2372 666 2441 egregiam
685 2372 758 2425 hanc
783 2369 934 2426 lectionem
953 2370 1165 2440 amplectamur.
1203 2387 1267 2426 nam
1288 2388 1322 2426 ax

146 2477 216 2516 noce
235 2462 347 2516 insueta
370 2461 429 2516 fieri
452 2460 568 2530 uulgare
591 2461 663 2515 illud
683 2461 819 2516 ‘lectulo’
841 2459 956 2514 obuium
976 2458 1049 2527 srat3
1073 2459 1213 2515 contrario
1236 2460 1322 2516 modo

145 2551 193 2604 uix
212 2552 241 2604 et
260 2567 294 2604 ne
312 2549 359 2604 uix
383 2550 497 2620 quidem
516 2550 626 2620 peccari
650 2549 745 2620 potnit
764 2550 901 2619 (ineptum
925 2550 970 2603 eat
992 2540 1132 2603 arcessere
1152 2548 1234 2618 Apul.
1253 2553 1321 2605 met

146 2638 184 2691 IX
198 2644 231 2691 27
251 2639 340 2692 tritae
358 2639 443 2693 noim
454 2640 601 2693 conueniat
619 2641 650 2693 r'n
669 2655 724 2692 uno
744 2638 852 2704 lectulo,
872 2653 944 2706 quae
963 2637 1050 2690 uerba
1068 2637 1127 2692 sine
1143 2637 1201 2691 nlla
1215 2638 1321 2693 Catulli

146 2729 338 2782 recordatione
358 2729 423 2781 sunt
443 2727 566 2796 scripta).
604 2731 635 2782 at
654 2745 709 2783 non
729 2730 773 2782 est
790 2744 845 2782 uox
864 2725 960 2780 latina.
997 2724 1053 2779 iam
1074 2725 1143 2791 dixi,
1162 2726 1195 2780 ut
1215 2726 1318 2782 ‘arudi-

146 2816 232 2870 tulus’
253 2814 295 2869 ita
315 2813 484 2868 ‘lecticulae'
506 2831 577 2869 noue
597 2831 657 2868 esse
677 2814 829 2869 formatum
855 2830 872 2867 a
895 2816 980 2883 poeta
1003 2830 1066 2868 cum
1093 2815 1169 2869 certo
1194 2815 1321 2871 consilio.

145 2906 176 2957 at
204 2905 273 2958 haec
301 2904 362 2973 ipsa
390 2904 575 2958 conformatio
604 2920 659 2957 non
688 2903 904 2973 comprobanda.
947 2902 1004 2957 iam
1028 2901 1057 2956 in
1080 2904 1135 2958 nol.
1155 2903 1167 2956 l
1191 2907 1318 2977 prolegg.

145 3011 172 3062 p.
189 2993 277 3046 XXIII
298 2991 402 3046 adduxi
423 2994 565 3062 ‘pannus’,
585 3010 675 3061 aquo
695 2993 765 3046 liant
784 2991 958 3048 deminutiua
978 2992 1138 3061 ‘pannulus’
1160 2997 1189 3048 et
1209 2995 1319 3063 ‘panni-

146 3082 235 3135 culus’
256 3081 347 3150 (potui
371 3082 456 3135 etiam
477 3082 644 3150 ‘paniculus’
672 3083 821 3151 a‘panus'
847 3082 997 3136 deductum
1022 3080 1150 3149 adferre).
1188 3083 1320 3139 nimirum

147 3171 259 3224 ‘lectus’
291 3171 453 3240 plerumque
486 3170 598 3239 quidem
627 3172 671 3225 est
697 3170 894 3226 declinationis
923 3170 1075 3237 secundae,
1109 3171 1198 3225 rarius
1231 3173 1321 3229 multo

145 3263 261 3328 quartae
280 3260 397 3327 (Neuius
411 3258 424 3310 I
439 3279 464 3329 p.
480 3262 552 3328 526),
572 3276 590 3313 a
608 3276 664 3328 qua
680 3259 713 3314 fit
728 3260 898 3315 ‘lecticulus'
915 3263 946 3313 ut
962 3259 1140 3314 ‘uersiculos’
1156 3277 1173 3313 a
1189 3260 1320 3317 ‘uersus’.

146 3381 178 3390 -
198 3349 226 3403 8.
245 3363 306 3404 nan
324 3349 373 3404 lrlc
392 3362 481 3416 quam
500 3348 555 3404 llle
574 3349 669 3415 mame
688 3362 785 3404 uorax
803 3347 934 3404 adulter.
973 3350 1115 3403 construer
1143 3364 1198 3403 non
1217 3349 1265 3404 hic
1285 3368 1320 3404 m.

145 3458 171 3492 u.
191 3456 215 3495 a.
235 3456 319 3508 quam
338 3438 401 3506 ille,
425 3440 451 3493 h.
472 3456 495 3493 e.
515 3455 603 3506 aeque
623 3438 797 3505 (Kuehnerus
816 3457 856 3509 gr.
876 3439 894 3492 l.
915 3438 940 3491 ll
960 3457 986 3508 p.
1003 3440 1066 3506 986)
1085 3440 1202 3508 uterque
1221 3438 1322 3494 auidus

145 3530 188 3582 cst
211 3528 321 3582 adulter
344 3527 459 3596 (XXXV
481 3535 495 3582 7
520 3529 597 3582 aiam
620 3529 751 3594 adrodit).
789 3543 852 3581 nam
878 3526 956 3581 ‘hic’
984 3529 1013 3581 et
1036 3525 1117 3581 ‘ille’
1145 3529 1177 3581 ut
1199 3526 1321 3583 ualidius

145 3619 310 3687 iungantur,
333 3617 452 3672 distorta
475 3620 538 3671 sunt
561 3616 662 3684 uerba,
686 3619 719 3670 ut
741 3616 816 3685 apud
840 3615 960 3670 Lucili
984 3622 1018 3671 32
1037 3615 1073 3670 M.
1100 3617 1220 3672 inritata
1243 3620 1322 3673 carru

144 3724 226 3775 quam
244 3708 321 3760 homo
339 3725 421 3776 quom
441 3706 576 3775 (litteram
596 3706 735 3773 caninam)
757 3706 872 3774 planius
894 3706 970 3761 dicit.
1008 3704 1042 3759 de
1061 3704 1193 3761 Caesaris
1212 3706 1322 3762 adulta·

145 3794 207 3860 riis,
226 3811 296 3862 quae
316 3799 374 3848 tarn
394 3796 506 3864 proprio
527 3812 610 3864 quam
630 3795 766 3863 ampliore
786 3812 869 3850 sensu
887 3794 997 3865 accipe,
1022 3797 1090 3849 nota
1114 3796 1157 3849 est
1181 3796 1321 3865 expositio

146 3884 270 3938 Suetonii
290 3884 378 3952 (Caes.
399 3890 434 3938 50
449 3887 534 3954 sqq.);
559 3885 728 3938 Mamurram
748 3883 876 3938 nouimus
896 3901 929 3938 ex
948 3901 970 3941 c.
991 3882 1082 3939 XXIX
1101 3883 1147 3953 (cf.
1167 3885 1197 3939 et
1214 3883 1321 3954 XCIV).

146 4006 177 4014 -
197 3974 227 4028 9.
247 3972 361 4027 riuales
382 3972 475 4028 soclel
494 3972 710 4042 puellularum.
749 3972 788 4027 sic
814 3990 879 4028 uere
904 3973 1025 4028 correxit
1043 3972 1169 4042 Scaliger
1191 3971 1221 4026 id
1245 3973 1321 4042 qnod

146 4062 170 4119 V
188 4061 276 4116 tradit
295 4060 375 4114 ‘socii
396 4062 445 4115 et’.
484 4079 548 4115 nam
568 4060 621 4116 hoc
641 4079 707 4117 sane
727 4062 829 4116 nullius
850 4064 891 4117 est
910 4061 1057 4128 momenti,
1078 4061 1106 4117 C.
1127 4065 1156 4116 et
1173 4061 1210 4116 M.
1229 4060 1322 4118 socios

146 4151 205 4205 siue
225 4150 330 4204 amicos
349 4167 409 4204 esse
427 4150 617 4217 femellamm3
642 4151 716 4218 quod
737 4152 769 4204 nt
790 4150 899 4205 nullum
923 4148 1011 4203 habet
1033 4167 1165 4218 acumen,
1188 4150 1230 4206 ita
1252 4150 1322 4220 quid

145 4240 198 4293 hoc
217 4242 300 4308 pacto
320 4237 448 4292 riualitas
468 4239 520 4293 sibi
540 4240 610 4293 uelit
628 4257 683 4295 non
703 4240 798 4294 claret.
828 4237 948 4307 denique
969 4237 1020 4291 ‘et'
1041 4239 1192 4293 traiectum
1212 4255 1321 4295 amore

146 4328 251 4382 Catulli
270 4329 401 4384 alienum.
436 4331 526 4382 ortum
548 4333 590 4382 est
609 4329 709 4384 uitium
728 4345 762 4382 ex
781 4326 917 4393 ademi,
937 4325 1127 4395 suprascripta
1146 4330 1322 4386 correcturas

146 4435 229 4472 causa
244 4417 263 4471 l.
293 4417 421 4486 idemque
437 4416 563 4486 Scaliger
577 4422 651 4473 recte
667 4416 833 4472 sententiam
848 4416 950 4485 poetae
965 4417 1008 4467 est
1022 4415 1185 4471 adsecutus:
1207 4417 1322 4475 ‘riuales
