2940 4912
146 313 211 376 180
562 319 713 374 va194.
750 319 854 378 vall
874 327 897 376 1.

145 475 288 544 61661666).
324 494 376 532 666
400 478 490 547 ipsum
513 480 584 533 ‘cur'
605 464 688 534 66186
707 481 810 550 placet.
847 480 940 535 acribo
957 476 1086 549 equidem
1106 473 1210 529 ‘siden
1224 470 1254 527 ui
1268 486 1309 525 re·

146 561 259 633 tinent‘,
279 568 310 618 ut
327 566 414 620 habet
438 583 479 622 ex.
499 587 540 637 gr.
560 567 615 623 cic.
636 587 663 637 p.
683 568 777 624 Plane.
797 576 846 638 41,
867 574 919 623 100
942 568 974 623 ui
994 582 1035 622 me
1052 564 1187 621 Plancius
1201 560 1311 617 66616611

145 652 287 721 (uiret'ent
310 681 344 700 =
367 657 411 710 uir
435 659 543 711 sterent
567 684 600 702 =
625 675 674 712 cur
692 659 815 728 iterent).
852 656 1022 713 efferendum
1039 656 1085 711 est
1099 650 1230 707 nimirum
1251 646 1312 717 ‘ui’‚

147 741 286 811 taciteque
305 745 468 813 oppositum
488 749 532 800 est
549 748 603 801 hoc
624 746 751 816 ‘propria
776 747 914 801 destituta
936 762 998 801 sum
1016 741 1183 799 uoluntate’.
1218 754 1273 809 (1¹1⁸
1288 735 1312 791 Ιί

145 831 253 895 utatur,
277 832 345 899 quid
368 833 429 888 fieri
453 834 535 901 uelit,
559 835 616 889 iam
639 836 748 890 ultimis
771 853 854 891 coma
877 835 1004 891 declaret
1025 831 1128 889 uerbis.
1163 828 1193 885 in
1215 826 1313 899 quibu·

147 917 264 972 ‘utinam
284 920 361 973 liam'
382 924 465 990 plane
484 924 634 978 ridiculum
655 928 709 990 est,
735 942 799 978 cum
824 928 902 979 certo
926 923 999 978 sciat
1016 938 1098 977 coma
1118 932 1268 988 numquam
1285 913 1313 969 id

146 1007 220 1074 quod
240 1011 322 1077 optat
344 1010 417 1064 611161
441 1029 532 1080 posse.
571 1013 754 1068 Marklandus
778 1014 865 1081 igitur
884 1011 1019 1078 ‘iterum’,
1037 1006 1235 1077 Heriabergius
1252 1002 1314 1059 ‘ite-

145 1113 205 1147 rum
226 1096 268 1149 ut'
291 1097 452 1164 uoluerunt3
470 1117 524 1171 ego
543 1101 610 1154 olim
631 1118 664 1154 ex
684 1118 716 1156 eo
736 1101 810 1170 quod
830 1101 853 1157 0
873 1101 959 1156 habet
979 1098 1080 1154 ‘utine'
1100 1095 1161 1152 erui
1178 1096 1223 1149 ‘ut
1238 1092 1314 1149 iam’.

146 1201 241 1237 uerum
258 1186 314 1252 est,
334 1187 537 1256 designandum
552 1207 612 1244 esse
632 1191 818 1260 pristinum
834 1195 953 1256 statum,
972 1206 1035 1244 cum
1050 1188 1143 1242 ‘coma
1159 1180 1312 1240 Berenioee’

145 1272 202 1326 iam
220 1273 304 1326 atella
322 1275 366 1329 sit.
403 1279 477 1345 alite,
497 1282 624 1347 utputo,
643 1280 713 1334 haec
732 1280 809 1334 dicet
827 1280 976 1335 caesaries:
996 1295 1057 1332 aum
1075 1276 1156 1331 caelo
1173 1273 1268 1339 amm
1285 1271 1316 1324 11

145 1360 185 1413 616
204 1363 307 1427 sentio,
327 1363 351 1416 si
371 1381 443 1432 quae
463 1374 547 1420 antea
565 1367 605 1421 fui
626 1386 708 1423 coma
726 1369 805 1435 iiam,
829 1386 879 1439 per
896 1385 941 1422 me
960 1384 1043 1438 posse
1061 1364 1167 1421 Oriona
1183 1365 1214 1418 et
1226 1363 1315 1429 Aque·

145 1448 217 1501 rium
237 1468 297 1504 esse
315 1451 435 1519 uicinos,
455 1455 559 1523 quippe
577 1474 650 1524 quae
673 1457 744 1511 nihil
768 1456 862 1511 sidera
888 1472 990 1510 curem.
1027 1454 1094 1509 hinc
1113 1449 1265 1519 ‘aarum’
1283 1462 1315 1503 ex

146 1540 232 1590 ucl'ct
251 1541 342 1592 ortum
361 1543 444 1610 puto,
464 1545 636 1599 constructio
655 1548 686 1599 ut
700 1546 805 1600 euadat
819 1545 1005 1615 paratactica,
1022 1560 1082 1612 qua
1096 1542 1127 1596 in
1144 1538 1250 1611 protasi
1269 1536 1313 1591 ‘si‘

147 1626 286 1680 omittitur
308 1628 483 1698 (Kuehnerus
506 1650 545 1700 gr.
566 1632 584 1684 l.
605 1632 627 1685 ll
654 1651 680 1702 p.
701 1640 753 1688 760
768 1636 833 1703 66),
857 1632 971 1702 iamque
994 1632 1129 1701 sequebar
1149 1630 1181 1684 in
1202 1623 1317 1698 epodosi

146 1717 286 1772 concessio
306 1717 383 1784 (ibid.
403 1738 429 1789 p.
452 1724 527 1787 143):
552 1722 658 1777 ‘sidera
680 1724 710 1777 ui
729 1724 863 1788 retinent3
890 1726 970 1776 uetus
994 1725 1026 1776 at
1047 1736 1129 1775 coma
1150 1718 1230 1789 regis
1246 1717 1317 1778 fiam.

147 1806 288 1874 proximus
312 1808 472 1877 Hydrochoi
497 1811 621 1880 fulguret
645 1811 773 1867 Oarionl'
812 1812 848 1867 de
873 1812 934 1867 ‘at’
960 1811 1080 1865 traiecto
1103 1809 1138 1865 ci.
1162 1805 1249 1861 mv
1271 1808 1318 1871 ⁶⁸3

148 1895 250 1950 ‘uetus'
271 1900 332 1966 (pro
352 1900 512 1966 quostiam
532 1901 652 1969 priscam
673 1901 792 1954 formam
808 1901 909 1955 ‘nster'
931 1918 985 1955 666
1004 1897 1168 1967 abnuerim),
1185 1897 1270 1969 prior,
1287 1896 1319 1948 ut

147 1984 448 2052 Verg.Aen.V1449
472 1990 503 2043 in
525 1994 640 2043 ueterem
663 1992 724 2056 sato
747 1990 872 2043 resolata
894 1990 1021 2060 siceram.
1058 1986 1244 2056 Hydrochous
1261 1983 1318 2039 siue

147 2073 286 2140 Aquarius
309 2076 397 2140 (Arat.
423 2074 525 2130 Phaen.
550 2082 616 2145 031,
647 2077 789 2133 Eratosth.
814 2080 912 2132 catast.
936 2078 982 2145 06)
1010 2078 1040 2131 et
1062 2075 1148 2131 Orion
1170 2073 1319 2144 (Prellerus

146 2160 233 2229 myth.
258 2179 298 2231 gr.
323 2162 333 2214 I
358 2182 385 2233 p.
406 2170 458 2219 360
473 2167 544 2234 sqq.)
571 2166 692 2221 maxime
717 2167 791 2220 inter
814 2183 843 2220 se
867 2163 1003 2220 distantia
1025 2164 1118 2219 sidera
1140 2165 1220 2229 sunt,
1242 2160 1320 2217 utri

146 2249 224 2303 hunc-
239 2251 395 2319 proximum
416 2254 457 2307 illi
476 2270 537 2309 esse
556 2256 617 2307 uult
631 2271 712 2309 coma
725 2254 865 2325 significet
879 2269 929 2324 per
942 2271 971 2307 se
985 2253 1093 2307 caelum
1108 2252 1219 2321 legibus
1232 2249 1319 2306 omni·

147 2338 199 2392 bus
218 2337 337 2394 liberum
356 2358 417 2396 esse
435 2359 526 2411 posse.
561 2345 680 2399 formam
701 2343 829 2398 ‘Orirlon’
851 2348 945 2411 (quam
964 2342 1037 2397 inter
1055 2340 1197 2396 Romanos
1215 2338 1321 2410 recepit

146 2428 232 2482 Rutil.
252 2429 333 2483 Nam.
354 2431 365 2483 1
385 2434 448 2500 636)
467 2433 541 2500 apud
561 2432 683 2486 Graecos
703 2431 884 2486 uetustiorem
910 2448 971 2485 esee
990 2430 1112 2500 (Pindar.
1132 2429 1152 2482 f.
1171 2431 1218 2498 60)
1237 2444 1318 2498 quem

148 2517 269 2586 ε06166,
288 2520 375 2573 sumit
395 2521 517 2574 ldelerus
536 2520 603 2573 libri
623 2520 778 2590 ‘Ursprung
796 2521 853 2574 und
872 2519 1037 2588 Bedeutung
1055 2518 1105 2572 der
1123 2515 1318 2571 Sternnamen’

146 2625 173 2675 p.
189 2612 254 2674 019;
274 2607 462 2661 Callimachus
481 2610 628 2677 praeterea
648 2609 735 2662 habet
753 2609 779 2662 h.
796 2608 876 2662 Dian.
896 2613 955 2662 066.
988 2605 1173 2675 ‘Hydrochoi’
1193 2604 1319 2660 datiuum

146 2697 248 2763 putant
266 2713 325 2750 esse
341 2715 358 2750 a
372 2696 462 2751 forma
475 2713 578 2765 graeca
591 2694 747 2765 ὑδροχοεύς
761 2696 933 2762 loricatum
953 2712 1024 2765 quae
1038 2712 1104 2748 num
1119 2693 1212 2749 latina
1224 2694 1321 2764 lingm

146 2785 183 2838 sit
205 2787 320 2853 recepta
343 2786 484 2853 (Gonnus.
504 2785 549 2840 Ar.
570 2791 622 2839 380
649 2785 735 2838 habet
753 2785 932 2855 Hydrochoos
950 2784 1182 2851 nominalium),
1204 2780 1319 2837 dubium

147 2876 202 2938 est3
221 2872 292 2926 etsi
311 2870 403 2925 uoluit
421 2871 457 2926 ob
477 2888 575 2926 sonum
595 2873 736 2941 ingratum
754 2871 946 2941 ‘Hydrochoo‘
962 2872 1052 2924 uitare
1068 2870 1209 2937 Catullus,
1228 2868 1322 2940 potuit

146 2961 200 3016 sibi
223 2977 332 3015 sumere
356 2977 418 3015 eam
442 2961 599 3026 licentiam,
624 2962 656 3014 ut
681 2977 782 3029 graeco
808 2977 885 3015 more
909 2977 971 3014 cum
990 2959 1122 3029 genetim
1145 2960 1322 3014 construeret

148 3050 323 3121 ‘proximus’,
343 3050 425 3117 plane
444 3054 477 3103 ut
500 3049 605 3119 legitur
623 3067 677 3104 non
703 3050 794 3101 minus
818 3048 998 3116 singulariter
1016 3047 1092 3116 apud
1110 3045 1190 3101 Lucr.
1210 3046 1249 3100 lV
1268 3052 1321 3101 336

143 3140 274 3207 proprior
293 3138 423 3205 callainis
441 3154 495 3191 uer.
535 3136 654 3204 denique
679 3134 834 3204 ‘fulgeret',
858 3139 890 3191 ut
912 3135 1020 3190 indicat
1042 3136 1243 3203 grammatica,
1264 3150 1321 3189 nou

146 3242 164 3278 a
183 3226 314 3295 ‘fulgere’
335 3225 493 3291 descendit,
513 3225 561 3278 sed
580 3240 598 3278 a
618 3223 782 3292 ‘fulgoreis’
804 3225 863 3276 siue
881 3224 1056 3293 ε1613666616,
1074 3223 1141 3279 166.
1161 3223 1322 3293 splendere,

147 3315 252 3379 lucere,
277 3315 308 3366 ut
327 3312 376 3366 Sil.
396 3310 457 3366 ltsl.
478 3310 515 3362 Vl
533 3316 599 3377 000,
623 3309 673 3362 1111
700 3316 758 3363 703.
801 3326 986 3377 quamquam,
1008 3327 1072 3364 cum
1095 3308 1188 3364 forma
1211 3328 1262 3380 per
1281 3310 1320 3365 ‘e’

147 3404 215 3458 licet
232 3401 351 3456 fortasse
369 3417 424 3454 666
443 3399 527 3468 plane
546 3399 618 3453 ialaa
644 3400 682 3452 sit
700 3402 793 3452 tamen
812 3397 903 3467 magis
922 3397 1043 3452 medium
1063 3412 1164 3451 aeuum
1184 3399 1323 3466 redoleat,

149 3492 262 3547 solitam
280 3490 481 3545 elementorum
498 3489 536 3543 ‘e’
553 3492 583 3543 et
598 3488 637 3541 ‘o'
654 3486 846 3542 confusionem
860 3502 1013 3556 agnosoens
1028 3485 1145 3539 restituo
1161 3486 1322 3557 ‘fulgeret’,

148 3581 223 3652 quod
243 3582 328 3636 habea
347 3581 375 3635 iu
396 3579 510 3635 Paeonii
529 3578 655 3634 uersibus
675 3578 749 3647 apud
771 3577 933 3631 Diomedem
954 3594 979 3644 p.
995 3580 1048 3628 600
1067 3574 1098 3626 Κ.
1118 3575 1241 3629 seruatis
1261 3576 1324 3631 Eoo

149 3676 256 3726 (lceano
275 3671 419 3740 Hyperiora
437 3670 560 3737 fulserat
579 3668 659 3722 Euro
678 3667 729 3734 (sic
748 3665 853 3734 codd.);
873 3664 907 3718 cf.
927 3664 957 3717 et
974 3662 1102 3716 German.
1120 3661 1221 3730 Progn.
1241 3671 1268 3732 4,
1288 3670 1323 3719 ‘l‘l

146 3762 265 3830 [ulcero.
304 3759 338 3812 de
358 3757 469 3813 Orionis
488 3758 596 3825 fulgore
616 3757 650 3810 cf.
670 3771 712 3808 ex.
732 3773 772 3823 gr.
793 3754 894 3807 Lucan,
915 3753 924 3804 l
945 3757 1004 3806 666.

660 3908 795 3965 vau.

220 4028 248 4082 1.
264 4026 287 4083 0
317 4026 400 4081 dulci
420 4024 547 4080 locanda
566 4024 651 4091 uiro,
671 4020 799 4076 iocunda
817 4015 947 4087 parenti.
978 4015 1004 4066 in
1024 4013 1077 4066 boc
1095 4012 1221 4070 carmine
1239 4017 1325 4087 fingit

147 4117 274 4172 Catullus
293 4133 323 4171 sc
341 4115 489 4171 instituere
503 4112 681 4180 conloquium
697 4127 759 4164 cum
777 4108 862 4162 ianua
875 4103 973 4158 domus
987 4099 1130 4154 cuiusdam
1147 4099 1322 4159 Veronensis

147 4212 183 4276 (6.
199 4213 246 4261 84:
266 4204 340 4259 uidit
358 4203 494 4271 Scaliger)
513 4219 547 4256 ex
567 4201 672 4268 illaque
692 4214 787 4252 causas
806 4192 927 4262 quaerit,
946 4205 995 4241 cur
1011 4199 1094 4253 passa
1112 4184 1151 4237 ait
1169 4189 1321 4245 mulierem

146 4297 174 4350 iu
199 4312 233 4348 66
256 4295 339 4348 domo
364 4291 537 4346 habitantem
568 4287 692 4342 moribus
721 4284 816 4339 uiuere
839 4285 896 4335 tam
920 4271 1043 4345 perditis.
1084 4269 1190 4365 etenim
1214 4276 1321 4331 166666

147 4382 319 4452 putabantur
334 4381 444 4434 aedium
464 4379 592 4434 custodes
607 4379 640 4430 ut
657 4375 694 4429 ab
712 4371 841 4428 omnibus
859 4362 964 4419 iuribus
982 4358 1023 4410 its
1039 4368 1057 4406 6
1075 4353 1189 4411 furonis
1208 4366 1321 4420 amam.
