2940 4912
211 321 254 384 '14
744 322 757 375 Ι
778 329 853 377 1-4.

209 483 376 539 admonetur
400 482 513 551 iamque
536 483 664 552 pergitur
681 485 746 538 adeo
764 485 862 538 inclita
883 485 981 540 Paltos
1001 482 1071 554 (scil.
1091 484 1218 554 opneonli
1237 498 1384 539 conserua-

208 572 274 640 trix)
293 578 375 641 tuque
388 575 550 639 fenerares
565 574 640 626 scatio
654 575 725 639 iam,
741 573 860 638 Phoebe,
878 579 988 642 peneto
1002 573 1073 642 (scil.
1087 574 1118 627 in
1132 574 1256 628 carmina
1270 575 1384 644 lutura).

208 663 332 715 ceterum
351 662 426 729 quod
448 680 500 741 pro
525 662 615 717 iorma
638 661 750 731 uulgari
770 663 922 732 ‘peronne'
949 665 1031 718 tenue
1054 663 1159 718 codicis
1184 662 1207 718 O
1231 664 1383 735 uestigium

208 749 298 803 secuti
317 750 478 820 scripsimus
499 752 671 821 ‘peremne’,
691 769 827 808 memores
850 753 968 808 fecimus
992 754 1022 807 et
1040 753 1229 822 etymologiae
1249 757 1326 820 (nam
1346 754 1382 807 ab

210 839 330 893 ‘amnis’
357 839 537 894 detinendum
563 844 606 895 est
628 840 809 908 uocabulum,
834 843 908 910 quod
931 841 1071 896 iudicauit
1093 839 1224 911 primitus
1250 843 1383 897 continuo

208 927 334 997 fluentia)
361 932 391 983 et
408 928 599 998 exemplorum
617 927 815 984 nonnullorum
835 929 881 998 (ci.
898 930 1026 984 Osannus
1041 930 1077 984 ad
1092 930 1148 986 Cic.
1164 931 1197 985 de
1213 947 1269 1000 rep.
1288 931 1324 985 Vl
1339 939 1382 1000 ⁶23,

207 1024 242 1071 ea
262 1036 288 1087 p.
304 1021 374 1088 roe).

780 1179 808 1236 1.

280 1292 309 1346 1.
333 1292 460 1363 Passer,
485 1291 615 1346 dellolae
638 1306 721 1346 mone
745 1291 877 1360 puellae.
915 1307 1010 1360 passer
1033 1308 1089 1345 non
1113 1294 1175 1346 erat
1191 1291 1297 1347 animal
1315 1309 1380 1346 con-

208 1382 346 1450 temptum
362 1381 437 1449 aliud
452 1383 575 1445 ueterem
595 1380 727 1448 aquibus
747 1379 828 1433 illum
848 1380 923 1433 inter·
941 1379 1065 1434 aniculae
1080 1381 1177 1449 gratas
1191 1380 1381 1450 iucundaeque

208 1470 253 1536 (ci.
273 1469 366 1524 Plaut.
386 1471 465 1540 Capt.
485 1470 510 1523 V
529 1476 559 1535 4,
579 1471 606 1537 5)
632 1472 774 1539 receptum
801 1469 885 1524 luisse
911 1472 987 1524 recte
1015 1469 1213 1525 lGHusohlrins
1240 1472 1382 1542 [analecta

208 1560 293 1615 litter.
313 1579 339 1630 p.
355 1561 402 1630 64]
421 1559 486 1614 inde
505 1557 621 1628 collegit
640 1558 715 1627 quod
733 1560 806 1613 inter
825 1559 990 1614 blandilicas
1008 1559 1214 1629 appellationes
1233 1559 1270 1614 ab
1284 1577 1380 1615 aman-

208 1649 283 1705 tibus
305 1650 425 1703 inuicem
451 1650 533 1702 datas
556 1648 643 1702 etiam
666 1649 818 1719 passerculi
842 1664 943 1704 nomen
967 1648 1111 1703 inuenitur
1129 1648 1174 1717 (cf.
1193 1649 1285 1705 Plaut.
1304 1649 1381 1705 Asin.

208 1739 246 1792 Ill
261 1745 286 1807 3,
301 1745 336 1793 ἵ6
355 1739 384 1792 et
404 1741 474 1803 104).
503 1756 566 1792 cum
586 1741 680 1793 autem
699 1738 827 1793 aniculae
845 1737 995 1792 sollemnia
1012 1738 1118 1793 fuerint
1135 1738 1291 1794 amantium
1308 1739 1382 1794 dona

208 1826 253 1897 (cf.
272 1826 468 1898 Prop.11113,
487 1833 533 1892 323
554 1825 635 1880 Ouid.
650 1829 715 1882 met.
731 1827 755 1880 X
771 1829 847 1894 261),
867 1826 1018 1881 coniecerit
1036 1825 1179 1896 aliquist),
1199 1826 1273 1881 huno
1287 1845 1381 1898 passe·

208 1934 266 1971 rem
287 1919 384 1987 utpote
399 1916 501 1971 Catulli
521 1934 621 1970 munus
639 1917 750 1986 puellae
769 1916 856 1971 fuisse
877 1916 906 1969 in
925 1916 1046 1980 deliciis3
1066 1933 1123 1985 qua
1139 1933 1209 1970 uoce
1223 1917 1320 1971 uotum
1339 1920 1383 1971 eet

208 2006 363 2076 designari,
375 2004 519 2074 ‘quidquid
534 2006 612 2059 cordi
628 2007 723 2060 nostro
738 2022 832 2059 carum
848 2008 1050 2074 acceptumque
1064 2010 1108 2059 est
1122 2004 1166 2074 (cf.
1183 2022 1224 2060 sx.
1239 2023 1281 2075 gr.
1297 2005 1380 2075 Verg.

208 2096 260 2150 ecl.
279 2103 306 2162 2,
325 2103 341 2148 2
360 2096 477 2160 Alexin,
495 2096 609 2149 deliciae
627 2096 745 2161 domini,
764 2095 827 2150 Val.
848 2095 921 2149 Max.
941 2094 952 2147 1
971 2102 996 2162 ὁ,
1016 2102 1032 2147 3
1052 2096 1176 2160 catellus,
1194 2112 1272 2164 quem
1289 2098 1382 2164 puello

212 2188 242 2240 in
256 2187 361 2240 delicies
377 2186 484 2251 habuit,
499 2184 579 2238 liert.
590 2183 603 2236 I
614 2190 638 2250 l,
652 2192 685 2252 1).
715 2201 774 2238 esse
788 2184 921 2253 puellam,
935 2183 1013 2237 cuius
1028 2201 1129 2238 nomen
1142 2185 1234 2254 ipsum
1248 2202 1338 2255 neque
1353 2186 1382 2240 in

208 2274 262 2329 hoc
278 2291 368 2343 neque
382 2274 412 2327 iu
426 2272 512 2327 tertio
527 2272 648 2326 camnine
664 2274 750 2338 extat,
766 2289 820 2326 nou
837 2273 920 2325 aliam
940 2289 1025 2339 quam
1041 2270 1178 2338 Lesbiam,
1193 2274 1226 2325 ut
1243 2271 1325 2327 facile
1340 2274 1381 2327 in·

207 2364 353 2432 tellegitur
371 2364 408 2417 ab
427 2361 557 2418 omnibus
571 2363 619 2431 qui
634 2361 739 2416 Catulli
758 2361 846 2415 uitam
861 2367 891 2416 et
904 2361 1030 2415 carmina
1044 2361 1084 2430 (in
1098 2361 1199 2429 quibus
1213 2379 1272 2416 mea
1286 2365 1382 2432 puella

207 2453 318 2522 saepius
345 2451 465 2507 recurrit
488 2469 538 2506 neo
562 2450 617 2505 nisi
641 2452 677 2505 ed
707 2451 836 2506 Lesbiam
860 2451 958 2506 reterri
981 2451 1086 2521 potest)
1109 2452 1313 2520 pernonerunt,
1340 2453 1383 2507 ita

207 2545 354 2597 senserunt
376 2541 431 2611 ipsi
454 2542 511 2596 iam
535 2545 643 2595 ueteres
668 2543 787 2596 lectores
811 2541 857 2610 (cf.
876 2541 949 2595 inira
973 2541 1002 2595 in
1029 2559 1052 2595 c.
1073 2541 1130 2607 ill).
1155 2573 1187 2581 -
1212 2541 1240 2596 2.
1260 2541 1381 2609 quicum

208 2631 325 2687 ludere.
357 2631 391 2685 de
405 2630 524 2684 ablatiui
539 2630 712 2700 pronominis
727 2629 840 2684 relatiui
854 2631 945 2685 forma
960 2631 1030 2699 ‘qui’
1052 2631 1086 2684 cf.
1101 2630 1266 2685 Kuehnerus
1279 2649 1320 2701 gr.
1335 2631 1354 2684 l.
1370 2633 1382 2686 l

207 2738 233 2789 p.
246 2726 306 2786 399,
322 2717 427 2772 Neuius
443 2719 538 2772 11231.
566 2720 642 2773 lusus
658 2719 705 2773 ille
721 2719 749 2772 in
765 2718 804 2772 eis
817 2735 889 2788 qrrac
904 2722 1035 2773 secuntur
1049 2717 1228 2773 describitur:
1244 2751 1277 2758 —
1293 2733 1381 2787 quem

208 2809 240 2863 lu
254 2809 324 2863 eluu
338 2809 454 2876 tenere,
470 2808 540 2875 qrrol
556 2809 685 2877 primum
701 2808 830 2876 digitum
846 2809 918 2864 dure
933 2809 1088 2878 adpeteutl
1104 2812 1135 2864 et
1147 2808 1229 2864 aorls
1244 2808 1322 2864 solet
1336 2807 1381 2863 ln·

207 2898 304 2952 ellare
323 2912 451 2952 morsui.
488 2898 582 2965 puella
600 2915 742 2966 passerem
763 2902 905 2967 tamquam
926 2898 1073 2953 absentem
1091 2898 1229 2954 amasium
1247 2897 1383 2967 adprimit

208 2987 338 3054 sonetque
362 2986 438 3051 sinu,
463 2987 538 3054 quod
562 2987 729 3041 uocabulum
754 2988 866 3056 proprie
887 2990 929 3055 (ut
948 2988 1004 3056 hic)
1028 2989 1116 3043 uestis
1139 2989 1195 3054 est,
1218 2986 1268 3041 sed
1289 2989 1381 3040 trans·

208 3077 298 3130 iertnr
316 3077 401 3129 etiam
421 3075 457 3130 ad
477 3080 585 3145 partem
605 3077 728 3145 pectoris
746 3094 764 3131 a
783 3079 861 3130 ueste
881 3077 995 3131 sinuosa
1013 3077 1169 3142 obtectam,
1188 3075 1262 3130 unde
1280 3091 1323 3129 ex.
1337 3091 1380 3143 gr.

208 3165 287 3220 Ouid.
308 3164 388 3235 epist.
409 3173 440 3230 3,
463 3171 512 3218 114
537 3172 561 3220 lc
580 3172 648 3219 terret
668 3168 700 3219 in
718 3167 809 3234 tepido
827 3168 916 3220 mollis
935 3168 1025 3220 amica
1042 3168 1116 3220 eine.
1153 3165 1266 3220 iuterim
1285 3181 1381 3234 passer

207 3256 296 3309 rostro
316 3253 427 3308 inuadit
450 3271 576 3322 manum,
601 3273 673 3323 quae
698 3253 844 3324 adprimit,
868 3254 946 3309 cuius
970 3254 1066 3323 puella
1089 3254 1207 3309 animali
1229 3255 1285 3310 iarn
1309 3270 1381 3309 mor-

169 3362 177 3377 ·
207 3362 272 3398 suro
290 3344 411 3413 porrigit
429 3343 551 3413 digitum
570 3344 706 3413 aliquem:
732 3345 814 3398 huius
837 3346 947 3413 partem
966 3345 1117 3412 primorem
1142 3346 1196 3413 (est
1214 3343 1288 3399 enim
1309 3343 1381 3412 ‘pri-

208 3453 268 3487 mus
296 3432 416 3503 digilus’
437 3433 631 3503 accipiendum
658 3452 708 3503 pro
732 3434 854 3504 primore
877 3433 960 3502 digiti
983 3437 1063 3503 parte
1082 3464 1116 3474 -
1135 3434 1261 3503 dipitutie
1275 3433 1382 3500 primo

206 3525 284 3577 ribus
307 3524 377 3576 dicit
400 3523 490 3577 Plaut.
516 3523 616 3577 Bacch.
637 3523 674 3576 lV
695 3528 723 3586 4,
744 3529 779 3575 nt
803 3555 845 3588 -,
870 3523 1106 3590 qucrnudmodum
1134 3539 1218 3591 saepe
1242 3519 1379 3589 ‘primus’

207 3611 371 3665 adhibetur:
387 3614 488 3680 primis
507 3613 594 3667 labris
613 3612 668 3666 Cio.
684 3613 710 3665 d.
726 3632 750 3666 n.
767 3613 793 3665 d.
812 3613 861 3678 18,
876 3613 976 3681 prieris
995 3612 1101 3681 [pedis]
1118 3612 1214 3681 digitis
1233 3607 1304 3663 Ciris
1319 3614 1383 3676 212,

201 3703 309 3770 primos
331 3708 409 3755 artus
434 3702 514 3756 Ouid.
535 3705 602 3756 met.
620 3701 684 3754 VItl
703 3708 770 3768 397,
794 3703 901 3770 primae
922 3702 1031 3770 palmae
1055 3700 1117 3754 Vel.
1142 3701 1233 3754 Flaoo.
1253 3697 1290 3749 IV
1313 3702 1381 3751 490:

206 3787 237 3843 τὸ
257 3786 345 3856 ἄκρον
364 3791 414 3844 τοῦ
434 3791 576 3844 δακτύλου
595 3792 666 3846 hano
691 3795 801 3861 prartem
820 3808 958 3845 summam
980 3792 1084 3845 uocant
1101 3788 1212 3855 Graeci)
1235 3788 1302 3841 dum
1322 3787 1380 3841 nui·

207 3879 286 3933 culae
306 3879 355 3932 dat
374 3877 531 3949 iterumque
546 3884 667 3935 rostrum
682 3880 857 3950 inpressurao
872 3879 1003 3946 retrahit,
1018 3879 1117 3934 efferat
1129 3878 1303 3948 instigatque
1318 3893 1382 3932 earu

206 3968 334 4038 cupidius
353 3969 602 4038 uehementiusque
621 3987 784 4024 morsuram.
822 3972 866 4024 est
884 3972 979 4023 autem
999 3968 1129 4038 ‘digitum
1149 3966 1283 4037 primum'
1304 3982 1382 4021 com·

279 4175 304 4242 *)
328 4177 403 4230 certe
428 4173 581 4229 scholiasta
604 4173 773 4228 Barthianus
797 4176 832 4229 ad
852 4175 975 4230 quenal.
995 4173 1032 4227 Vl
1053 4178 1082 4239 8,
1107 4190 1140 4227 ex
1163 4171 1242 4227 fonte
1264 4171 1382 4240 antiquo

206 4256 265 4309 sine
289 4255 375 4309 dubio
399 4256 542 4320 hauriens,
567 4256 636 4309 haec
661 4256 757 4310 habet:
785 4257 901 4309 anticam
926 4255 1030 4309 Catulli
1053 4255 1156 4323 tangit,
1179 4269 1248 4322 quae
1268 4257 1383 4322 propter

206 4336 351 4389 edomitum
367 4352 504 4404 passerem
523 4341 673 4399 moneant,
692 4337 746 4389 eibi
764 4337 876 4390 musam
898 4336 934 4389 ab
953 4336 1090 4399 adultero,
1114 4334 1145 4387 in
1169 4337 1278 4388 tantem
1296 4333 1383 4401 fleuit,

206 4421 237 4471 at
256 4417 346 4472 oculos
364 4422 553 4489 corrumperet.
590 4415 625 4470 cf.
645 4421 674 4471 et
692 4416 765 4470 inira
783 4414 819 4470 ad
839 4416 875 4468 lll
897 4421 938 4471 15.
