2940 4912
686 326 725 380 IV
746 332 822 379 1-2.
1299 326 1340 391 87
1426 373 1430 380 .

147 486 207 556 ipse
226 485 371 542 Catullus
398 502 435 540 ex
460 485 562 541 itinere
582 485 732 556 Bithynico
755 503 780 542 a.
801 491 834 542 56
858 486 945 541 redux
969 485 998 539 in
1017 484 1155 542 Sirmione
1178 487 1344 557 paeninsula

143 580 177 643 {c
196 575 307 646 ml)
336 592 462 642 nauem,
491 575 650 645 cuius'opo
676 575 782 631 reditus
807 580 851 629 est
876 575 980 644 factus,
1008 575 1105 630 amicis
1130 576 1284 631 ostenderit
1309 577 1339 632 in

144 666 206 720 latu
226 664 350 720 Benaco
371 665 498 734 positam
517 668 547 720 et
565 665 649 719 simul
671 663 747 719 uiam
767 683 785 719 a
807 682 836 719 se
860 664 965 719 iactam
990 664 1159 730 narrauerit;
1183 665 1287 735 quippe
1310 665 1340 719 in

146 755 302 823 propatulo
323 753 484 809 uidebatur
508 755 575 822 hoc,
598 770 654 808 non
677 771 754 808 mero
773 769 840 808 casu
864 770 963 809 nauem
985 752 1163 822 Bithynicam
1186 753 1233 808 hic
1252 755 1340 808 norni-

145 843 221 908 nari‚
245 844 300 898 sed
326 858 393 898 eam
419 842 518 911 aliqua
540 846 622 912 parte
642 843 819 898 coniunctam
842 860 902 898 esse
922 861 984 896 cum
1009 845 1109 912 poetae
1132 843 1223 897 rebus.
1261 843 1339 898 cuius

146 931 293 1001 opinionis
313 936 481 1002 postremus
500 932 629 987 defensor
654 932 805 986 acerrimus
829 932 924 987 extitit
942 932 1041 986 Muuro
1062 931 1161 1002 [critic.
1180 950 1206 1001 p.
1223 939 1239 986 9
1256 933 1338 1004 sqq.].

146 1021 212 1074 huic
238 1024 342 1076 tamen
365 1021 526 1076 sententiaa
549 1020 663 1076 obstant
686 1021 761 1076 haud
784 1038 874 1090 pauca
896 1020 970 1074 infra
994 1020 1191 1090 disceptanda,
1215 1020 1244 1074 in
1267 1037 1338 1089 quae

147 1111 257 1179 primus
277 1109 480 1180 Westphalius
499 1110 538 1180 [p.
556 1110 675 1182 1⁶12qu
700 1110 821 1180 digitum
840 1109 975 1176 intendit3
1000 1111 1048 1177 qui
1071 1111 1186 1178 poetam
1204 1111 1338 1176 nostrum,

148 1203 188 1253 ita
206 1204 242 1253 nt
262 1198 338 1253 olim
358 1199 388 1254 in
408 1197 543 1268 Bithynia
561 1199 588 1254 ei
607 1199 782 1254 conuenisset
805 1217 867 1254 cum
894 1198 1014 1268 phaselli
1033 1199 1159 1266 domino,
1180 1197 1272 1252 Rhodi
1291 1199 1337 1252 de-

149 1307 224 1342 inum
247 1305 358 1343 nauem
378 1288 573 1343 conscendisse
592 1288 704 1357 iamque
723 1289 753 1342 in
772 1290 854 1358 portu
874 1287 996 1357 quodam
1016 1288 1160 1343 Adriatico
1179 1287 1337 1343 nauiculam

147 1379 300 1448 egregiam
321 1378 487 1447 praedicare
506 1377 788 1447 hospitibuscenset.
817 1380 847 1431 et
865 1377 938 1431 uidit
955 1378 1004 1432 ille
1018 1377 1154 1432 nonnulla
1167 1377 1336 1446 rectissime;

148 1468 195 1522 sed
205 1468 237 1521 in
249 1484 370 1520 summa
381 1467 554 1536 quaestionis
564 1467 680 1522 ulterius
690 1467 925 1537 progrediendum
937 1469 980 1521 est
989 1467 1203 1536 negandumque
1214 1467 1336 1535 omnino,

149 1558 200 1612 hoc
220 1573 345 1611 carmen
361 1554 399 1609 ad
413 1554 516 1609 Catulli
535 1556 590 1611 iter
607 1557 753 1626 pertinere,
774 1558 806 1609 ut
824 1556 900 1611 adu.
916 1563 950 1610 20
970 1555 1140 1611 ostendetur.
1170 1559 1234 1611 utor
1252 1557 1336 1627 enim,

148 1663 203 1714 quo
221 1662 313 1700 nemo
334 1647 404 1697 ante
419 1659 464 1697 me
482 1662 547 1700 nsus
562 1648 614 1711 est,
628 1644 700 1699 miro
715 1646 843 1701 fortunae
858 1644 962 1713 fanore,
977 1660 1033 1714 quo
1047 1645 1091 1698 his
1104 1645 1228 1699 tenebris
1246 1646 1336 1701 lucem

147 1734 298 1788 affundens
325 1736 493 1803 exoptatam
516 1734 632 1789 Iunilius
652 1737 869 1804 commentator,
894 1734 952 1789 sine
972 1734 1057 1789 dubio
1076 1736 1218 1789 ueteribus
1237 1734 1264 1789 in
1285 1734 1335 1789 Ca-

147 1825 249 1877 tullum
272 1820 399 1877 scholiis
417 1822 565 1891 adhibitis,
585 1826 654 1879 haec
674 1824 761 1879 tradit
779 1824 809 1878 in
827 1823 938 1892 Hageni
956 1822 1043 1877 schol.
1063 1822 1144 1878 Bern.
1165 1824 1269 1894 Vergil.
1289 1826 1335 1893 (cf.

147 1913 252 1967 testim.
275 1913 337 1967 uol.
354 1912 378 1978 l)
398 1929 475 1981 quem
496 1912 675 1983 (phasellum)
693 1915 790 1969 habuit
808 1914 903 1982 hospes
917 1913 1040 1967 Serenus.
1071 1912 1133 1981 quis
1152 1913 1201 1967 illc
1217 1912 1334 1968 Serenus

148 2003 246 2067 fuerit,
268 2002 416 2069 nescitur,
434 2018 525 2070 neque
546 2019 673 2057 curamus
693 2004 769 2071 quod
787 2005 869 2057 uetus
889 2005 1093 2057 commentator
1112 2019 1174 2056 eum
1193 2002 1334 2073 hospitem

147 2091 249 2146 dixerit
270 2110 298 2144 u.
324 2096 339 2144 1
361 2089 510 2160 deceptus:
536 2091 670 2146 Serenum
689 2092 793 2162 ipsum,
820 2107 905 2162 quem
923 2108 1005 2145 nemo
1030 2092 1217 2160 posteriorum
1242 2109 1333 2162 gram-

150 2182 321 2234 maticorum
344 2179 440 2247 finxit,
459 2178 508 2232 sed
523 2181 743 2250 transsumptum
759 2197 792 2235 ex
807 2178 946 2250 prioribus
966 2181 1115 2250 probisque
1130 2178 1255 2235 fontibus
1270 2197 1334 2250 pro-

149 2270 281 2339 pagauit,
307 2285 373 2323 esse
398 2268 541 2323 dominum
565 2270 644 2324 nauis
663 2287 690 2325 u.
712 2276 743 2324 19
768 2271 1017 2325 commemoratum
1044 2268 1114 2323 mihi
1137 2272 1262 2334 constat,
1285 2269 1334 2336 qui

150 2363 299 2427 praeterea
328 2374 396 2411 eum
416 2359 623 2428 negotiatorem
641 2358 770 2414 Italicum
795 2361 824 2413 et
842 2357 947 2414 Catulli
970 2360 1134 2429 popularem
1158 2357 1333 2425 amicumque

150 2448 233 2503 inisse
254 2447 382 2503 conicio.
420 2451 450 2501 et
472 2447 555 2502 amici
574 2450 674 2518 rogatu
698 2448 727 2502 in
749 2449 909 2503 nauiculam
930 2447 1075 2503 Dioscuris
1098 2446 1155 2501 iam
1175 2446 1332 2500 dedicatam

150 2544 229 2606 poeta
255 2537 332 2592 iecit
355 2538 412 2591 hoc
435 2554 546 2591 carmen
571 2539 600 2592 in
618 2537 722 2592 sacello
741 2539 896 2608 figendum,
916 2539 1033 2592 fortasse
1057 2538 1142 2606 longo
1162 2540 1227 2590 ante
1246 2535 1333 2605 ipsius

151 2628 200 2681 iter
223 2627 414 2696 Bithynicum
439 2630 564 2696 tempore
590 2628 721 2696 (certiora
745 2628 779 2682 de
802 2629 855 2681 hoc
879 2626 938 2682 erui
958 2629 1116 2696 nequeunt).
1156 2625 1330 2695 ‘phasellus'

152 2718 227 2772 :taso
247 2716 333 2771 enim
352 2717 492 2785 scriptura
511 2717 566 2771 al'
585 2716 711 2771 exhibita
730 2720 758 2771 ct
778 2718 852 2786 apud
872 2716 943 2771 alios
958 2733 1068 2785 quoque
1084 2717 1233 2785 scriptores
1248 2717 1332 2770 obuia

153 2824 327 2875 quamquam
348 2822 404 2859 non
428 2809 486 2859 tam
511 2810 671 2861 constanter
696 2825 780 2874 quam
804 2808 832 2859 in
857 2806 995 2860 similibus
1015 2807 1131 2860 uocibus
1149 2805 1331 2875 graecanicis,

154 2906 179 2948 nt
197 2896 331 2964 ‘pilleus‚
352 2894 471 2962 culleus,
491 2896 641 2964 nummns’,
662 2912 751 2964 aeque
777 2897 851 2950 bona
871 2914 953 2964 qnam
975 2896 1064 2949 altera
1084 2896 1251 2964 ‘phaselus’)
1271 2900 1332 2949 erat

155 2985 312 3054 nauigium,
342 2983 417 3051 qnod
445 3002 462 3038 a
488 2985 671 3039 similitudine
696 2985 780 3038 fabae
805 2987 930 3038 traxerat
955 3002 1057 3040 nomen
1082 2987 1112 3038 et
1134 2986 1207 3038 inter
1229 3001 1330 3039 nauem

156 3074 263 3144 {sugam
284 3074 499 3143 actuariamque
513 3075 635 3128 medium
652 3073 688 3128 ob
703 3075 876 3128 celeritatem
892 3075 1011 3128 maxime
1027 3073 1232 3141 celebrabatur;
1252 3075 1331 3128 uaria

156 3163 223 3216 iilius
242 3179 354 3233 genera
373 3166 465 3229 erant,
486 3180 541 3216 non
560 3164 650 3217 solum
670 3163 699 3217 in
720 3165 844 3232 lacuum,
864 3167 912 3217 sed
932 3163 1017 3217 etiam
1038 3164 1066 3216 in
1083 3164 1166 3217 maris
1181 3182 1274 3228 usum;
1294 3165 1329 3216 cf.

158 3264 262 3317 praeter
287 3252 434 3318 trienium,
459 3250 511 3307 lex.
532 3251 639 3321 antiqq.
661 3273 681 3307 s.
703 3273 740 3319 ιι,
766 3254 872 3307 Nonius
897 3273 922 3322 p.
942 3260 1007 3330 034,
1032 3258 1066 3306 ‘23
1094 3253 1152 3321 (qni
1176 3253 1221 3322 ph.
1246 3255 1330 3305 uocnt

159 3342 317 3411 'nauigium
338 3341 542 3411 Campanum’)
566 3343 718 3397 Sallustius
741 3345 802 3398 ln'st.
822 3345 867 3398 lib.
889 3344 950 3395 ΙΙΙ
970 3385 993 3395 ..
1015 3343 1119 3397 ‘cohors
1137 3359 1208 3407 usin,
1227 3344 1330 3408 prandi

157 3432 260 3497 adculo
275 3437 369 3497 uesta,
390 3450 408 3485 a
426 3434 519 3486 ceteris
533 3433 693 3487 deerrnuit’.
706 3474 728 3486 ..
749 3432 866 3486 Siccaena
880 3434 941 3486 nist.
957 3434 1003 3486 lib.
1019 3432 1097 3483 IIII
1117 3432 1219 3498 ‘proras
1234 3436 1327 3483 acian-

160 3523 222 3585 rine,
242 3523 322 3590 trapi
340 3521 460 3589 prandes
479 3538 511 3574 nc
530 3522 638 3590 phaseli
656 3523 743 3590 proni
762 3522 895 3590 (‘primo'
922 3521 1022 3587 codd).
1060 3522 1221 3574 consuetum
1242 3518 1328 3573 etiam

160 3610 296 3664 hominurn
327 3611 501 3679 priuatorum
525 3610 663 3665 nobilium
690 3613 718 3663 in
742 3609 889 3664 itineribus
912 3609 1059 3664 maritimis
1083 3609 1241 3662 uehiculum
1265 3625 1327 3662 enm

161 3698 246 3765 tuisse
266 3701 352 3753 docet
373 3697 429 3752 Cic.
449 3700 485 3752 nd
505 3699 562 3753 Att.
583 3700 593 3752 l
616 3705 657 3767 13,
680 3707 691 3752 1
713 3703 741 3754 ct
760 3699 823 3752 XlV
847 3706 887 3765 16,
910 3706 936 3763 1;
957 3716 1045 3766 neque
1065 3698 1181 3752 dubium
1200 3701 1244 3752 cst
1262 3699 1327 3767 quin

161 3802 182 3839 er
204 3792 381 3844 mercaturae
405 3789 535 3844 semierit
560 3790 641 3844 idem.
687 3790 784 3857 ‘quem
809 3788 938 3855 nitletis’,
963 3791 1059 3857 utpote
1084 3807 1098 3841 c
1123 3788 1227 3842 sacello
1250 3789 1329 3844 iuxta

162 3896 242 3931 iarum
268 3879 364 3948 posito
388 3877 584 3946 conspicuun13
610 3882 642 3932 ut
662 3878 743 3947 Verg.
765 3879 855 3947 Priap.
877 3885 905 3946 2,
926 3885 940 3932 3
966 3878 1062 3948 [PLM.
1082 3877 1106 3930 ll
1126 3897 1151 3948 p.
1170 3880 1232 3949 158]
1257 3882 1328 3949 upil-

163 3969 240 4021 lusan
260 3970 348 4032 hanc,
371 3968 617 4023 alianastasis
640 3987 717 4037 quern
742 3970 825 4021 uides.
865 3967 1032 4036 ‘hospites',
1060 3969 1106 4035 qui
1131 3969 1262 4022 sacellum
1287 3969 1327 4020 in·

160 4066 240 4121 itanu
270 4062 303 4111 ut
330 4055 482 4111 secundum
511 4059 607 4110 notum
636 4075 716 4109 usum
743 4056 820 4110 tituli
844 4057 940 4125 graeci
965 4055 1028 4122 ξένε
1052 4058 1161 4111 habent
1184 4060 1212 4110 et
1237 4054 1326 4122 ξένοις

160 4144 188 4196 ri.
209 4146 285 4216 apud
312 4144 431 4198 Latinos
458 4143 512 4200 Cic.
537 4146 617 4199 Tusc.
642 4147 653 4199 Ι
680 4153 727 4212 lt,
756 4151 818 4210 101,
847 4146 933 4199 Varro
956 4145 1071 4201 Eumen.
1097 4148 1127 4200 ir.
1157 4152 1188 4198 12
1216 4145 1326 4211 Bacch,

162 4232 245 4304 l'riap.
270 4240 318 4299 30,
346 4238 377 4298 4,
409 4231 474 4288 CIL.
502 4233 538 4287 IX
566 4241 599 4288 00
629 4237 722 4304 lrcsprs
749 4237 863 4289 corasius
890 4241 914 4289 st
942 4237 1003 4305 lrpe.
1036 4268 1067 4275 -
1101 4237 1129 4289 ⁸2.
1160 4234 1204 4289 alt
1232 4233 1326 4288 fuisse

162 4324 276 4378 1111111
300 4320 493 4377 celerrimus.
536 4326 741 4377 constructione
770 4342 823 4379 non
851 4324 891 4377 ita
917 4340 979 4378 rara
1008 4325 1118 4392 iamque
1144 4325 1219 4392 apud
1246 4324 1326 4377 l'lau·

162 4418 214 4466 lun
237 4411 328 4467 obuia
351 4410 441 4480 (larga
465 4413 593 4481 exempla
616 4414 695 4468 dedit
717 4413 880 4468 Kuchncrus
904 4432 944 4483 gr.
969 4414 986 4468 l.
1010 4413 1036 4467 11
1058 4433 1084 4484 p.
1105 4418 1167 4483 517)
1192 4432 1242 4483 pro
1266 4415 1325 4468 uul-
