2940 4912
585 286 665 339 llll'l
688 294 800 340 ,ιι-οι.
1210 286 1272 350 471

107 446 197 501 l'laut.
219 447 328 500 Poenl
350 456 373 510 3,
394 455 409 501 8
428 448 499 501 lrarrc
515 464 567 515 per
586 448 723 500 demerem
739 462 840 515 perque
857 448 929 500 lianc
946 464 1064 503 sorerem
1082 448 1188 501 laeuam
1209 447 1278 514 (Mo-

107 539 196 590 relnm
212 541 270 602 ⁴28);
291 537 385 589 emnia
403 536 507 604 quippe
527 535 614 589 artius
637 536 732 589 iuncta
751 535 809 588 siue
830 536 952 590 ‘fratres’
975 534 1066 601 (Ouid.
1086 539 1118 590 tr.
1140 537 1150 588 l
1171 542 1195 602 1,
1218 540 1278 605 107)

107 623 166 678 sine
179 625 310 679 ‘sorores'
322 625 375 678 sibi
386 641 445 679 esse
456 623 512 678 dici
523 626 644 693 possunt.
666 623 700 678 cf.
712 622 837 678 Nackins
847 625 882 678 ad
897 624 955 679 Vsl.
967 623 1020 678 Cat
1038 641 1065 693 p.
1075 629 1118 690 88,
1130 624 1277 694 Symphos.

106 714 227 782 aenigm.
248 721 299 768 244
325 716 424 781 (rotae)
451 719 568 783 quatuor
593 729 697 767 sorores
723 717 751 766 et
776 717 836 767 269.
881 714 1004 767 ceterum
1031 712 1153 767 decisum
1181 717 1210 767 et
1234 714 1278 767 dis

107 802 233 855 oblatum
249 818 308 854 esse
323 801 427 855 crinem
442 801 470 855 in
485 801 546 870 ipso
557 800 672 854 Veneris
687 800 818 855 Arsinoes
831 799 1018 869 Zephyritidis
1033 800 1140 871 templo
1152 802 1276 871 Hyginus

108 906 172 941 nere
191 890 301 943 tradere
320 889 432 943 uidetur
450 907 483 944 ex
504 890 579 943 fonte
599 889 729 957 limpide;
749 891 823 943 certe
843 889 907 944 hinc
925 890 1071 959 sequentia
1084 891 1154 945 beno
1168 890 1278 944 intelle-

107 982 216 1046 guntur.
236 1010 267 1017 —
284 979 332 1048 32,
348 979 396 1049 53,
411 978 459 1033 sl.
478 994 545 1033 eum
565 992 596 1031 sc
611 978 777 1033 Memnonis
792 977 949 1047 Aethiopls
969 979 1099 1046 unigena
1116 979 1277 1048 impellens

107 1067 284 1121 nutantibus
304 1083 375 1122 nora
394 1068 500 1136 pennis
524 1066 636 1121 obtulit
655 1066 798 1121 Arsinoes
822 1067 966 1123 hocrldos
990 1068 1054 1123 ales
1073 1081 1176 1136 equos.
1214 1085 1277 1121 cum

107 1156 199 1210 subito
223 1173 274 1224 per
298 1160 408 1210 noctem
428 1158 520 1210 adsuit
539 1157 668 1209 Arsinoes
691 1157 806 1209 nuntius
830 1156 964 1221 struthio,
991 1157 1038 1225 qui
1057 1174 1100 1210 me
1120 1158 1278 1226 extemplo

107 1245 182 1298 illius
202 1262 311 1298 sursum
330 1246 397 1298 tulit
415 1247 450 1299 ad
470 1246 578 1299 caelum
598 1245 802 1312 dominamque.
840 1245 1029 1314 Memnonem,
1048 1261 1143 1315 regem
1162 1245 1276 1300 Aethio·

109 1353 174 1403 pum
194 1335 364 1402 fratremque
383 1333 558 1388 Ematlrienis
582 1335 637 1386 iam
657 1332 795 1387 Hesiodus
814 1338 1015 1388 commemorat
1032 1334 1137 1404 (theog.
1158 1339 1222 1400 9843
1243 1337 1276 1390 cf.

107 1426 135 1476 et
160 1423 287 1492 Apollod.
311 1424 347 1476 ΙΙΙ
374 1430 418 1488 12,
444 1430 460 1476 4
486 1419 619 1476 Τιθωνὸν
644 1420 695 1490 μὲν
720 1412 772 1474 οὖν
794 1417 863 1483 Ἠώς
888 1418 1039 1490 ἁρπάσασα
1064 1419 1104 1476 δι’
1125 1421 1214 1490 ἔρωτα
1239 1422 1279 1486 εἰς

107 1511 262 1565 Αἰθιοπίαν
282 1515 401 1580 κομίζει·
426 1507 513 1565 seinse*
536 1512 714 1565 συνελθοῦσα
737 1512 825 1585 γεννᾷ
844 1514 949 1574 παῖδας
967 1507 1131 1581 Ἠμαθιῶνα
1151 1513 1198 1566 καὶ
1218 1510 1277 1567 Me'·

107 1621 211 1668 μνονα,
232 1600 369 1654 Prcllcrus
395 1602 482 1669 ruyth.
502 1620 541 1669 gr.
563 1599 621 1669 lp.
641 1602 712 1667 345).
755 1599 800 1653 hic
825 1599 976 1654 Emathion
1000 1601 1076 1655 solus
1100 1603 1195 1670 potest
1218 1619 1277 1657 esse

109 1690 251 1757 ‘unigena'
283 1690 341 1743 sine
370 1690 457 1744 frater
484 1688 582 1758 (LXIV
610 1691 673 1756 300)
704 1689 872 1755 Memnonis,
901 1688 978 1743 nullo
1006 1691 1089 1758 pacto
1117 1708 1183 1744 anes
1211 1691 1278 1745 illae

108 1778 297 1833 Memnonides
313 1781 394 1848 longe
409 1778 536 1832 diuersae
552 1794 584 1831 ex
599 1778 692 1831 cinere
702 1777 858 1831 Memnonis
873 1779 1011 1832 combusti
1025 1780 1170 1833 euelantcs
1181 1779 1276 1849 (Ouid.

108 1876 171 1920 met.
192 1867 256 1920 XllI
277 1874 327 1921 600
342 1885 415 1935 sqq,
440 1867 548 1922 Aelian.
569 1868 595 1920 h.
616 1883 639 1919 a.
660 1866 684 1917 V
706 1873 733 1932 1,
761 1866 862 1920 Strabo
882 1885 909 1935 p.
929 1872 989 1934 587,
1014 1865 1093 1921 Pane.
1113 1866 1137 1920 X
1156 1868 1210 1935 31).
1249 1872 1278 1922 ct

106 1957 139 2008 ad
160 1956 317 2025 incognitas
337 1956 419 2011 hodie
444 1956 551 2010 tabulas
570 1955 763 2024 Aethiopicae,
789 1972 843 2024 qua
863 1954 1013 2009 Emathion
1038 1974 1100 2010 cnm
1120 1957 1275 2011 struthione

106 2047 241 2111 cohaesit,
266 2046 375 2099 adludit
398 2048 495 2114 aperte
515 2043 710 2098 Callimachus.
750 2061 812 2098 nam
837 2045 890 2098 hoc
915 2047 1020 2097 certum
1045 2048 1089 2098 est
1111 2046 1158 2114 agi
1178 2046 1223 2100 hic
1242 2046 1276 2100 de

105 2134 348 2202 struthiocamele,
367 2135 396 2188 id
416 2136 490 2202 qued
510 2133 650 2187 intellexit
672 2133 778 2201 primus
803 2138 888 2201 poete
913 2133 998 2187 Italus
1018 2132 1180 2203 Viqpentins
1199 2133 1275 2188 Mon-

106 2224 159 2275 tius
185 2222 212 2275 in
234 2222 330 2276 libello
352 2221 429 2275 ‘dell'
449 2223 558 2276 cavallo
583 2222 659 2276 alato
684 2220 841 2275 d'Arsiuoe’
869 2222 1002 2290 inscripto
1021 2221 1152 2291 editaque
1171 2223 1276 2278 Medio·

106 2311 162 2365 lani
178 2329 202 2366 a.
221 2318 296 2365 1804.
326 2311 432 2380 priores
452 2329 554 2379 equum
573 2311 680 2365 alatum
694 2308 825 2363 Arsinoes
844 2313 1012 2379 putauerunt
1031 2328 1090 2365 esse
1111 2312 1276 2382 Zephyrum,

105 2419 186 2470 qoem
214 2404 336 2454 Aurorae
360 2402 473 2468 quidem
501 2399 589 2454 filium
616 2400 664 2453 sed
692 2417 725 2453 ex
749 2398 867 2453 Astraeo
894 2402 991 2453 natum
1017 2399 1127 2469 fingunt
1151 2399 1278 2467 fabulam

105 2509 186 2561 porro
212 2496 243 2545 nt
267 2490 387 2560 equitem
414 2491 453 2542 ita
477 2505 578 2556 eqnnm
600 2488 747 2559 (Prellerus
767 2489 854 2558 myth.
874 2507 915 2558 gr.
934 2489 946 2540 I
971 2507 997 2557 p.
1018 2496 1083 2556 371,
1103 2489 1164 2543 Val.
1184 2489 1274 2544 Flacc.

106 2582 114 2634 l
135 2585 197 2647 611)
218 2583 247 2634 et
265 2598 294 2634 re
313 2581 426 2633 terrente
446 2578 580 2632 famulum
600 2580 741 2648 (Heinsius
761 2597 804 2649 cp.
821 2579 902 2648 Apul.
923 2577 1028 2633 mct.V
1048 2585 1073 2642 6)
1094 2577 1149 2632 dici
1169 2579 1275 2648 Zephy-

107 2687 165 2723 rum
182 2670 277 2724 intelle¹
302 2669 307 2678 '
340 2688 371 2723 us
386 2668 508 2736 quidem,
529 2667 577 2720 sed
595 2668 623 2721 in
638 2668 736 2722 eodem
751 2666 907 2721 Memnonis
921 2665 1089 2720 attributum
1104 2665 1274 2736 ‘Aethiopis’

106 2759 161 2812 nim
183 2688 403 2822 nullaniiiabem
424 2758 452 2810 et
466 2756 624 2809 mirandum
640 2761 691 2823 est,
711 2757 785 2824 quod
799 2756 931 2810 Arsinoes
946 2753 1048 2809 dicitur
1063 2756 1191 2824 famulus,
1210 2757 1277 2812 licet

107 2848 248 2901 eratione
278 2848 394 2916 physica
417 2847 493 2899 recte
513 2846 627 2899 Veneris
652 2846 833 2913 praenuntius
858 2844 955 2898 erudiat
976 2844 1051 2897 idem
1071 2845 1150 2898 Lacr.
1173 2846 1195 2898 V
1216 2851 1275 2900 736.

106 2942 184 2990 taceo
209 2937 280 2990 alias
303 2936 505 3004 explicationes
528 2935 574 3001 (de
599 2934 736 2988 Phoenice
761 2932 934 2999 AGuarinns,
963 2931 996 2987 de
1020 2933 1127 3002 Pegaso
1151 2933 1277 3004 Scaliger

107 3029 176 3080 male
197 3025 383 3094 cogitauere):
403 3042 460 3078 rem
480 3040 531 3077 acu
551 3022 649 3093 tetigit
667 3024 796 3078 Montius.
826 3024 928 3077 etenim
950 3025 1079 3089 Arsinoe,
1099 3040 1175 3077 soror
1194 3040 1274 3078 uxor-

106 3134 158 3184 que
183 3114 337 3168 Ptolemaei
360 3112 540 3181 Philadelphi
565 3112 610 3182 (de
634 3131 689 3181 qua
708 3114 740 3166 ct
767 3112 926 3181 Droysenns
949 3113 966 3166 l.
992 3112 1011 3166 l.
1035 3112 1059 3164 ll
1083 3129 1108 3179 p.
1129 3118 1180 3167 339
1196 3116 1276 3181 sqq),

107 3210 169 3273 post
192 3209 310 3257 mertem
335 3203 387 3256 elea
412 3203 486 3256 facta
509 3205 570 3256 erat
595 3202 645 3255 snb
665 3202 782 3257 Veneris
807 3202 918 3256 nomine
937 3201 1061 3269 (Ellisins
1081 3219 1122 3269 ep.
1143 3200 1276 3255 Lobeckii

108 3293 272 3362 l‘aralipom.
294 3311 319 3361 p.
339 3297 416 3360 368),
441 3293 531 3360 qualis
550 3293 696 3346 colebatur
719 3293 747 3346 in
766 3293 886 3362 temple,
912 3293 986 3360 quod
1006 3292 1034 3345 in
1055 3291 1192 3360 Zephyrio
1211 3308 1275 3361 pro·

107 3382 245 3435 nutritorio
264 3400 318 3436 non
344 3382 384 3436 ita
403 3383 499 3451 procul
519 3383 554 3434 ab
575 3382 744 3437 Alexandria
764 3386 825 3436 erat
842 3382 978 3451 positum
1004 3381 1059 3435 iam
1080 3382 1212 3434 Astatiae
1232 3398 1275 3450 cp.

109 3473 262 3541 l'oseidipp.
282 3488 325 3540 ap.
347 3472 446 3525 Athen.
468 3490 492 3539 p.
513 3478 565 3524 318
585 3472 668 3525 τοῦτο
687 3472 735 3524 καλ
757 3468 787 3524 ἐν
807 3468 901 3543 πόντῳ
922 3471 968 3523 καλ
991 3466 1036 3523 ἐπὶ
1056 3473 1141 3537 χθονὶ
1161 3470 1210 3537 τῆς
1229 3472 1275 3522 Φι-

108 3559 248 3629 λαδέλφου
268 3558 411 3627 Κύπριδος
435 3555 582 3613 ἱλάσκεσθ’
603 3556 680 3626 ΐερόν
703 3555 848 3628 Ἀρσινόης.
888 3553 921 3626 ἣν
945 3554 1209 3625 ἀνακοιρανέουσαν
1230 3552 1275 3610 ἐπὶ

111 3648 282 3717 Ζιφυρηΐδος
305 3646 391 3715 άκτης
410 3649 518 3714 πρῶτος
541 3643 555 3699 ό
576 3647 718 3717 ναύαρχος
741 3645 853 3715 θήκατο
874 3645 1065 3714 Καλλικράτης
1084 3651 1139 3702 κτλ.
1161 3646 1274 3716 (quibus

109 3739 271 3791 Alleekerns
291 3737 393 3791 adiecit
412 3736 497 3790 schol.
519 3737 584 3791 Veri.
607 3738 642 3790 ad
662 3737 692 3790 ll.
708 3736 771 3789 XllI
791 3743 840 3791 703
860 3740 889 3790 et
907 3735 1124 3789 scholThcocr.
1142 3738 1275 3803 17,133);

108 3827 205 3880 Strabo
225 3845 250 3894 p.
273 3822 356 3879 lebab
374 3821 406 3878 τὸ
427 3824 581 3892 Ζεφύριον,
601 3821 675 3896 άκρα
694 3827 812 3880 ναΐσκον
832 3824 934 3894 ἔχουσα
951 3821 1089 3893 Ἀρσινόης
1106 3819 1274 3893 Ἀφροδίτης,

108 3917 201 3985 steph.
225 3915 336 3983 llyrant.
357 3932 378 3967 s.
395 3933 420 3967 u.
443 3911 592 3982 Ζεφύριον.
622 3913 677 3968 ἔστι
698 3915 745 3968 κοιλ
765 3911 839 3984 άκρα
859 3917 906 3984 τῆς
926 3911 1082 3984 Αἰγύπτου,
1101 3909 1155 3982 άφ’
1175 3906 1209 3983 ἧς
1227 3915 1275 3968 καλ

108 4002 123 4073 ι’)
141 4001 285 4071 Ἀφροδίτη
305 4002 364 4070 (καὶ
381 4003 427 4057 hic
443 4008 550 4072 ponunt
563 4005 656 4071 codd,
677 4004 773 4058 traieci
789 4006 854 4058 ante
869 4001 898 4072 ἡ)
916 4000 1037 4074 Ἀρσινόη
1058 4008 1220 4073 Ζεφυρῖτις,
1239 3998 1276 4066 ὡς

109 4097 289 4163 Καλλίμαχος.
332 4094 366 4146 de
394 4093 472 4147 cuins
496 4093 595 4161 templi
618 4093 755 4162 relliquiis
780 4094 941 4149 Schwabius
969 4094 1046 4148 adire
1070 4093 1150 4147 iussit
1173 4093 1273 4148 librum

107 4183 239 4253 gallicum
262 4183 355 4236 ‘resne
375 4182 601 4251 archeologiqne'
628 4200 651 4236 a.
675 4188 741 4237 1869
767 4183 819 4237 nol.
841 4183 904 4236 xlx
927 4200 953 4252 p.
974 4188 1025 4236 ‘268
1050 4186 1079 4237 et
1098 4183 1147 4236 XX
1167 4202 1193 4252 p.
1214 4189 1274 4237 377.

106 4275 160 4328 iam
183 4273 303 4325 Montius
323 4290 364 4341 cp.
387 4272 465 4325 l'nns.
488 4272 524 4324 lx
544 4278 575 4325 31
602 4273 648 4325 καὶ
668 4268 803 4340 Ἀρσινόης
826 4270 901 4327 ἐστὶν
927 4269 957 4327 ἰν
972 4268 1101 4326 Ἑλικῶνι
1123 4268 1220 4339 εἰκών,
1242 4268 1274 4341 ἣν

108 4366 282 4431 Πτολεμαῖος
302 4359 405 4430 ἔγημεν
424 4356 548 4429 άδιλφὸς
573 4357 625 4413 ὧν·
649 4359 699 4430 τὴν
715 4359 745 4415 δὲ
765 4358 905 4430 Ἀρσινόην
924 4359 1064 4431 στρουθὸς
1085 4361 1167 4431 φέρει
1186 4361 1274 4433 pulsi
