2940 4912
199 292 265 356 396
655 293 743 347 LXIV
764 247 912 348 roe-ms.

198 453 322 508 uentosis
345 453 416 508 locis
439 454 543 522 passim
568 454 718 509 obseruare
741 455 808 508 ast’.
828 485 860 494 -
889 454 956 509 lot.
981 455 1034 509 aut
1056 455 1230 522 congeram
1253 452 1376 508 suumn

198 542 313 597 cortice
336 543 452 612 plnum.
494 543 646 613 imaginem
672 542 783 598 uarians
807 543 959 598 secundum
984 542 1135 598 Homerum
1158 543 1267 614 profert
1289 541 1376 596 aliam

198 631 322 686 eiusdem
343 649 406 686 cum
426 649 530 700 quercu
550 633 657 687 roboris
671 633 807 701 arborem,
823 633 932 702 pinnm;
952 649 1036 701 qnam
1055 635 1153 688 notum
1172 634 1217 687 est
1235 631 1377 702 pertinere

197 720 233 775 ad
252 721 368 775 arbores
387 719 533 776 coniferae.
571 739 628 790 qua
646 739 714 777 uoce
738 723 827 777 utitur
846 723 929 791 Verg.
949 723 1017 777 Aen.
1037 721 1078 776 llI
1096 728 1148 778 680
1174 723 1313 788 coniferae
1330 739 1377 792 cy·

198 811 317 879 pariam
343 810 528 880 ‘conigeram'
552 814 595 879 (nt
618 813 692 865 recte
717 811 780 866 Itali
804 829 855 880 pro
879 811 1085 880 ‘cornigeram'
1109 812 1307 879 eruendauere)
1331 811 1380 866 hie

196 897 272 952 solus
295 899 383 952 habet
406 898 545 964 Catullus,
569 902 601 952 ut
623 902 717 954 tarnrm
742 899 821 954 nulla
843 899 1003 955 inmutandi
1029 917 1113 955 mensa
1135 900 1186 968 sit,
1209 918 1274 955 eum
1293 901 1380 957 uber

195 988 249 1042 illa
266 994 326 1041 tarn
344 990 415 1043 bene
434 1004 532 1059 gerere
551 989 610 1042 siue
629 992 741 1057 portare
760 1007 844 1059 qnam
863 989 935 1044 ferre
950 992 996 1060 (=
1010 990 1137 1060 gignere)
1151 1006 1237 1045 conos
1255 989 1380 1046 dicatur.

199 1077 325 1132 ostendit
347 1081 440 1132 autem
464 1079 518 1132 hoc
540 1078 723 1147 attributum,
746 1083 860 1149 poetam
887 1079 943 1133 iem
968 1079 1009 1133 ita
1032 1077 1184 1148 depingere
1207 1077 1321 1148 pinum,
1346 1083 1383 1135 ut

197 1182 269 1234 quae
294 1165 330 1220 ad
358 1169 555 1235 tempestatem
581 1168 708 1236 spectent
734 1184 791 1221 non
819 1185 919 1221 curans
945 1167 1033 1220 solam
1061 1169 1189 1223 arborem
1215 1168 1251 1222 ob
1279 1169 1381 1224 oculos

111 1316 122 1338 Ο
197 1257 285 1325 ponat
302 1255 475 1326 legentibus,
499 1257 589 1309 artem
613 1255 661 1311 ille
686 1259 796 1311 secutus
816 1256 1081 1322 Alexandrinorum,
1105 1256 1153 1325 qui
1173 1273 1264 1311 rerum
1284 1256 1380 1313 miuu-

196 1348 289 1399 tarum
309 1348 468 1399 accuratam
489 1344 705 1413 descriptionem
727 1345 813 1399 etiam
832 1344 861 1398 iu
875 1343 980 1400 talibus
994 1345 1173 1400 adamabant
1202 1365 1381 1416 quamquam

196 1432 309 1498 dubito,
332 1451 399 1486 num
424 1450 487 1486 enm
511 1433 564 1487 hac
589 1436 649 1487 arte
673 1435 756 1502 plane
780 1435 930 1488 conueniat
948 1432 1001 1500 eia,
1024 1451 1098 1502 qnae
1117 1439 1295 1490 correctores·
1309 1437 1380 1493 Itali

198 1521 226 1575 iu
251 1521 319 1591 pinu
342 1521 546 1576 conmemorari
566 1520 620 1576 sibi
639 1525 843 1592 persuaserunt
880 1539 945 1577 narn
965 1540 1028 1576 cum
1046 1522 1075 1576 in
1095 1523 1118 1578 V
1136 1523 1279 1593 legeretur
1301 1525 1378 1580 ‘fun-

197 1610 277 1664 denti
297 1611 425 1678 cortice‘,
445 1611 508 1665 libri
529 1609 553 1666 G
573 1615 714 1684 corrector
732 1612 796 1666 inde
816 1612 909 1667 eliecit
924 1612 1048 1665 ‘sudanti
1065 1613 1191 1679 cortiee',
1209 1615 1380 1672 recordatus

198 1700 274 1753 locos
298 1698 382 1769 Verg.
403 1699 454 1754 ccl.
475 1706 505 1764 8,
524 1706 558 1754 54
579 1701 702 1770 piuyuia
725 1702 872 1755 corticibus
895 1702 999 1756 modom
1023 1702 1121 1756 electra
1144 1702 1266 1773 myricae
1291 1703 1380 1760 alios·
1412 1730 1421 1745 ·

197 1805 264 1858 que;
283 1791 313 1842 et
330 1806 428 1843 uersum
447 1791 503 1855 est,
527 1789 624 1857 pinum
648 1789 719 1844 ferre
738 1789 856 1844 renuam
876 1789 958 1858 (Plin.
978 1789 1004 1842 h.
1024 1809 1050 1844 n.
1070 1789 1134 1843 XVI
1155 1794 1199 1859 10)
1245 1792 1295 1846 sed
1313 1792 1379 1848 iure

199 1877 307 1948 optimo
327 1878 382 1930 iarn
405 1878 467 1931 ltali
487 1879 616 1947 (quorum
636 1878 764 1932 nonnulli
779 1878 916 1948 ‘corpore’
934 1878 1077 1933 coniecere
1095 1879 1155 1934 eine
1173 1878 1234 1933 ulla
1251 1879 1379 1952 ratione)

199 1965 411 2019 offendebantur
429 1966 459 2018 in
477 1966 649 2021 otiosissime
668 1968 721 2021 hoc
746 1966 851 2022 addito.
888 1984 953 2021 narn
973 1968 1025 2021 etsi
1043 1971 1133 2022 artem
1153 1969 1376 2026 Alexandrinam

198 2055 244 2107 hic
263 2073 281 2108 a
299 2053 443 2124 proposito
467 2055 560 2109 alicua
583 2055 782 2110 admiscentem
807 2055 1016 2124 amplectimur,
1040 2057 1136 2109 tamen
1153 2073 1199 2110 ars
1218 2057 1269 2112 illa
1288 2059 1379 2132 longe

198 2142 453 2212 alind-requisinit,
473 2143 532 2197 scil.
548 2142 652 2198 iustam
667 2142 883 2213 oppositionem.
913 2143 1056 2214 descripta
1070 2148 1114 2199 est
1128 2162 1246 2213 quercus
1261 2164 1378 2206 ramos

197 2231 339 2299 quatiens:
364 2233 429 2286 huic
452 2231 534 2302 pinus
557 2233 599 2287 ita
620 2232 801 2301 adiungenda
824 2236 896 2300 erat,
922 2236 954 2287 ut
976 2232 1118 2303 quomodo
1140 2232 1267 2289 differret
1289 2254 1377 2307 expo·

198 2324 318 2375 ueretnr.
356 2326 385 2376 et
402 2322 496 2376 hercle
515 2320 578 2392 ipsa
597 2320 679 2377 huius
698 2321 806 2376 arboris
825 2322 914 2391 ligura
933 2326 1000 2377 uota
1018 2323 1142 2390 (truncus
1161 2326 1377 2392 proconnesius

198 2408 283 2464 ramis
306 2427 457 2479 exsurgens
480 2427 565 2479 usqne
588 2411 624 2464 ad
648 2409 780 2464 uerticem
801 2410 830 2464 in
853 2411 957 2464 tectum
979 2410 1139 2465 umbrosum
1157 2430 1188 2467 se
1206 2412 1377 2483 dispondeu-

114 2537 129 2559 .
196 2501 267 2553 teum
288 2499 396 2554 Petrou.
415 2507 461 2553 131
480 2502 676 2554 circumtonsus
690 2501 843 2568 trepidanti
856 2502 956 2555 uerius
967 2503 1068 2569 pinus,
1087 2501 1158 2556 Plin
1175 2501 1258 2571 epist.
1273 2503 1313 2557 Vl
1327 2509 1378 2573 80)

198 2590 257 2641 tam
277 2587 420 2657 egregiam
441 2588 571 2658 praebuit
589 2587 808 2658 oppositionem,
827 2591 867 2654 nt,
886 2590 909 2642 si
928 2588 1059 2657 neglecta
1078 2589 1251 2658 becennest,
1271 2591 1376 2650 mirum

198 2676 278 2730 ieret
307 2679 381 2731 recte
402 2678 487 2747 igitur
507 2695 540 2732 ex
559 2682 638 2747 parte
657 2677 771 2746 quidem
786 2676 851 2732 ltnli
871 2679 997 2732 nonnulli
1017 2679 1139 2732 ‘nutanti
1157 2680 1287 2748 uertice'3
1307 2699 1375 2738 nam

198 2764 292 2833 potuit
320 2782 386 2818 sane
411 2765 501 2835 prisce
525 2766 644 2820 scribere
669 2766 794 2820 Catullus
819 2766 959 2821 ‘uertice’
988 2766 1075 2835 (quod
1098 2766 1310 2824 adsimilatione
1337 2773 1377 2826 ad

199 2854 368 2922 praecedens
384 2856 581 2925 ‘cornigeram'
598 2855 684 2909 traxit
699 2853 815 2923 labem);
836 2872 886 2909 uec
901 2857 1056 2910 etiamtunc
1070 2856 1224 2911 extiterant
1237 2859 1286 2927 qui
1300 2860 1378 2916 inter

199 2943 333 2997 uerticem
357 2949 386 2999 et
408 2945 543 2998 uerticem
567 2945 772 3013 distinguerent
796 2944 981 3013 grammatici.
1019 2945 1066 2998 scd
1087 2943 1241 2999 ‘tundenti'
1262 2952 1377 3004 mutue

198 3031 226 3084 in
247 3032 379 3085 ‘nutanti’
402 3034 562 3099 (secundnm
584 3032 702 3086 Ennium
722 3032 1025 3101 mauselanum
1049 3035 1189 3103 capitibus
1206 3038 1377 3092 emautur

194 3123 300 3189 pinos),
327 3139 382 3174 non
406 3122 468 3175 lene
493 3125 536 3176 est
559 3122 721 3175 remedium.
758 3123 921 3191 praeplacet
939 3122 1078 3176 ‘tundenti
1098 3122 1228 3190 uertice',
1249 3125 1304 3179 hoc
1322 3128 1378 3191 est,

196 3227 225 3263 se
250 3208 383 3263 fundente
409 3211 468 3263 siue
492 3210 665 3264 diffundente
684 3209 751 3276 (Cic.
773 3210 806 3264 de
827 3227 883 3263 seu.
905 3216 950 3277 15,
971 3215 1003 3263 52
1028 3213 1110 3265 uitem
1130 3255 1155 3268 ..
1174 3230 1209 3266 ne
1230 3215 1262 3267 in
1284 3230 1379 3270 onnes

192 3304 289 3366 partes
319 3300 406 3352 triario
434 3301 595 3366 inundatum
624 3316 687 3352 nam
717 3299 866 3368 participia
891 3298 1047 3368 praesentis
1073 3300 1193 3368 passini,
1220 3301 1249 3355 in
1277 3301 1380 3373 lingua

197 3385 286 3440 latina
305 3384 361 3439 iam
380 3387 489 3455 pridem
508 3386 625 3452 abolita,
644 3386 720 3440 haud
739 3404 802 3441 raro
822 3387 987 3462 praeseptim
1006 3388 1035 3442 in
1050 3389 1144 3443 uerbis
1158 3389 1299 3445 rellexiuis
1320 3392 1377 3447 ior·

198 3478 310 3530 mantnt
339 3492 388 3544 per
413 3473 564 3544 participia
589 3476 744 3543 praesentis
771 3473 872 3541 actiui,
897 3478 928 3529 ιιι
952 3476 1008 3531 ‘res
1030 3477 1188 3532 mouentes'
1213 3483 1281 3533 eunt
1303 3496 1378 3548 quae

197 3568 358 3619 mouentur:
378 3563 484 3618 Neuius
503 3563 527 3617 ll
546 3581 573 3633 p.
589 3571 640 3618 865
656 3583 706 3632 sq.,
727 3564 863 3618 Usenerus
882 3564 910 3617 iu
925 3563 1059 3619 Fleckeis.
1074 3581 1138 3620 auu.
1155 3572 1224 3622 1878
1238 3585 1265 3636 p.
1281 3574 1326 3622 tt.
1343 3601 1376 3609 -

197 3655 265 3708 107.
286 3653 449 3707 ludomltus
468 3652 560 3707 turbo
580 3655 784 3719 contorquens
803 3652 923 3707 tlsmlne
942 3653 1039 3708 robur
1057 3654 1149 3710 crnlt.
1177 3657 1292 3711 arbores
1311 3658 1379 3714 illas

196 3747 349 3811 tempestas
368 3741 500 3805 inmanis,
519 3742 585 3795 dum
605 3741 729 3810 stipitem
759 3742 895 3810 prendens
921 3741 1043 3809 nudique
1066 3742 1248 3815 circumagit,
1272 3748 1380 3813 euertit

197 3833 359 3898 euellitque.
388 3830 577 3885 ‘indomitum’
599 3831 633 3882 de
653 3847 699 3897 eo,
719 3831 763 3884 cui
782 3830 854 3885 nihil
871 3833 964 3900 potest
982 3830 1123 3901 resistere,
1143 3835 1175 3886 ut
1194 3839 1280 3889 uocat
1296 3853 1378 3893 mare

197 3922 258 3976 Tib.
279 3922 304 3975 ll
324 3928 348 3986 3,
368 3927 410 3974 tt.
449 3920 671 3987 ‘contorquens’‚
691 3924 722 3974 ιιι
741 3920 824 3990 Verg.
840 3920 872 3975 G.
892 3919 904 3972 1
923 3926 973 3975 481
995 3923 1095 3978 irenae
1114 3929 1297 3993 commouens
1315 3944 1377 3982 uer·

197 4013 248 4065 tice
274 4012 362 4064 siluas
387 4009 540 4063 Eridanus.
579 4009 685 4062 ‘robur’
712 4010 745 4063 de
771 4012 871 4064 trunco
897 4010 957 4063 siue
982 4011 1094 4081 stipite,
1121 4013 1153 4066 ut
1174 4015 1244 4068 Aen
1264 4012 1303 4068 IV
1323 4021 1376 4070 441

197 4116 303 4153 oneroso
323 4100 445 4152 ualidam
466 4116 525 4152 cum
547 4100 639 4153 rotare
657 4117 791 4168 quercum.
831 4099 916 4153 Culex
936 4104 987 4153 818
1006 4101 1166 4168 {luminatus
1185 4143 1209 4156 ..
1228 4120 1247 4158 a
1265 4105 1380 4161 wtiae

197 4190 299 4241 mistis.
317 4221 346 4227 —
364 4188 431 4258 108,
453 4188 519 4241 let.
540 4188 595 4242 llla
614 4189 721 4257 procul
741 4188 889 4243 radicitus
904 4188 1067 4243 exturbata
1082 4203 1179 4259 prona
1197 4190 1281 4247 cadlt
1298 4192 1377 4249 late·

198 4290 256 4343 que
282 4292 348 4331 cnm
375 4278 441 4332 elns
467 4277 558 4331 obuia
584 4277 737 4344 frangens.
780 4279 808 4330 in
838 4279 890 4331 hac
919 4279 999 4345 epiea
1023 4284 1140 4348 coeptae
1165 4281 1378 4350 cooperationis

198 4365 416 4432 surplilicatione
440 4367 523 4434 iunge
549 4365 700 4419 ‘radicitus
724 4366 871 4421 exturbata
895 4379 940 4432 ι-
965 4367 1030 4421 sede
1054 4384 1105 4422 sua
1128 4369 1253 4437 demota)
1278 4371 1376 4440 procul
