2940 4912
150 297 213 364 170
646 297 724 352 XXV
743 303 819 353 6-7.

146 459 1023 530 cm meassesseeoriueluoe1proaidsstu,
1046 458 1322 516 auctadller.IV

147 557 194 620 36,
213 555 248 604 48
272 564 332 605 cum
357 551 439 606 etiam
461 552 578 606 statores
601 548 800 620 (calamitates)
822 550 971 619 inpendere
992 551 1154 617 uideam,
1176 550 1276 606 reddis
1297 556 1323 605 et

26 664 30 671 ·
147 640 317 705 οιαιαιηιιιις
336 638 408 695 Gall.
428 639 467 696 lV
485 645 528 708 20,
548 645 564 694 8
587 641 620 694 ia
641 640 703 695 iure
723 645 802 694 stone
824 641 898 694 clerc
921 640 1005 694 nimis
1027 645 1053 694 et
1073 655 1170 695 sonore
1192 641 1324 695 occinuit

146 734 227 801 utque
248 731 322 786 imoi
344 735 376 784 ut
394 731 556 799 plectercm
579 735 650 796 erut,
669 735 808 800 tusuquum
830 730 904 785 eldad
927 731 1065 784 indicium
1082 734 1148 784 esset
1166 772 1191 785 ..
1210 736 1324 799 αρσια

144 821 308 875 securitatis.
337 834 503 888 comparans
520 818 608 887 igitur
626 818 756 873 carminis
774 819 913 874 simillimi
932 817 984 872 XII
1003 835 1029 872 u.
1049 825 1065 872 8
1084 817 1125 873 sic
1142 819 1322 889 interpretor,

144 906 276 963 Thallum
299 906 374 962 inter
396 905 509 962 sodales
533 906 760 978 neglegentiores
782 907 891 978 sibique
913 925 970 962 non
995 907 1128 962 canentes
1154 906 1322 979 adripuisse,

146 997 283 1069 quidquid
305 996 405 1052 tollere
428 997 536 1066 posset:
560 996 639 1051 iocus
658 996 810 1066 sinumque
834 995 912 1067 (ibid.
932 998 960 1068 2)
983 997 1075 1068 aperit
1098 997 1322 1054 adulescentium

145 1086 174 1141 in
192 1088 298 1142 laetum
318 1085 490 1156 symposium
508 1085 666 1141 iunctorum
685 1088 801 1156 pectora
819 1085 956 1155 pellitque
975 1086 1068 1141 animo
1084 1103 1178 1142 curam
1194 1105 1224 1143 se
1237 1087 1323 1143 anxie

145 1176 330 1232 custodiendi.
367 1177 397 1231 et
413 1177 458 1230 est
481 1175 553 1229 hacc
571 1175 667 1246 imago
691 1193 747 1231 non
764 1175 904 1246 inlepide,
922 1192 979 1246 qua
996 1175 1126 1245 Thallus,
1146 1194 1209 1232 cum
1227 1178 1324 1233 omnia

146 1265 203 1321 sint
221 1265 318 1321 dedita
336 1282 450 1321 securae
468 1265 610 1334 laetitiae,
633 1265 762 1320 turbidae
785 1265 875 1321 instar
893 1266 1074 1336 tempestatis
1093 1283 1190 1336 rapere
1209 1267 1322 1324 dicitur.

145 1354 211 1411 hino
236 1371 321 1410 unum
345 1373 419 1426 nune
442 1354 513 1409 mihi
534 1353 633 1409 uideor
656 1354 806 1424 dispicere,
824 1353 854 1408 in
873 1355 977 1409 ‘aries'
999 1355 1088 1411 latere
1107 1356 1232 1425 ‘pares’,
1250 1358 1278 1413 h.
1297 1374 1323 1415 e.

146 1443 278 1513 aequdes
298 1445 343 1515 (nt
358 1444 468 1500 Petron.
483 1450 518 1499 25
536 1445 634 1512 iasone
652 1461 713 1499 cum
727 1444 847 1513 poribus
864 1445 1014 1515 inquietato
1032 1447 1112 1516 mm),
1132 1462 1189 1514 qua
1207 1447 1323 1503 notione

147 1532 261 1588 omniuo
279 1549 348 1602 opus
367 1536 417 1590 est
444 1533 502 1589 iam
516 1550 655 1603 quaenam
670 1532 759 1587 ‘diua'
775 1533 804 1586 in
819 1531 872 1586 tali
886 1532 1095 1603 compotatione
1108 1534 1202 1590 locum
1217 1536 1325 1593 habeat

145 1623 245 1692 utpote
262 1639 375 1678 securos
393 1622 517 1678 efficiens
543 1621 566 1677 si
585 1623 756 1690 quaerimus,
779 1640 836 1677 una
854 1638 889 1676 ea
905 1624 1001 1692 potest
1017 1640 1077 1679 esse
1096 1625 1150 1680 dea
1167 1625 1323 1682 hilaritatis

146 1715 232 1782 atque
254 1711 389 1768 laetitiae.
426 1715 524 1768 eratne
548 1710 682 1768 &manis
705 1711 779 1766 inter
800 1710 915 1766 turbam
937 1711 1016 1766 illam
1040 1713 1155 1768 deornm
1173 1716 1324 1787 minorum,

146 1819 266 1871 qnorum
288 1818 371 1873 saepe
394 1818 472 1858 mero
495 1818 561 1857 casu
584 1803 621 1856 sd
644 1816 695 1856 nos
713 1801 843 1870 peruenit
865 1800 981 1868 notitia,
1005 1801 1092 1858 etiam
1111 1804 1164 1858 deu
1182 1805 1323 1874 quaedam

147 1890 316 1947 llnlcebris?
344 1891 461 1947 uideant
479 1892 627 1947 doctiores.
655 1890 795 1961 procellae
814 1893 909 1947 autem
927 1894 1057 1962 respectu
1075 1893 1242 1949 ostendendi
1261 1913 1323 1952 uer·

146 1980 214 2034 bum
232 1980 391 2037 adhibitum
415 1981 539 2048 uidetur,
558 1981 642 2051 Verg.
662 1980 694 2037 G.
715 1979 811 2035 11261
835 1986 899 2036 anto
920 1983 1068 2051 supinum
1092 1984 1218 2053 oqudoae'
1236 1992 1324 2041 cetere

146 2070 580 2140 dere(=expouere)91uedoe,
604 2068 653 2124 nbi
674 2069 795 2140 interpp.
819 2068 902 2140 plura
923 2071 1069 2140 praebent.
1088 2100 1122 2111 -
1148 2071 1178 2128 6.
1197 2074 1324 2131 remltte

147 2158 274 2228 pallium
292 2159 368 2214 mlhl
386 2173 484 2214 meum
503 2159 583 2227 quod
602 2158 760 2215 lunolastl.
787 2157 907 2229 pallium
926 2160 988 2214 erat
1005 2159 1104 2215 menae
1123 2160 1183 2215 sine
1202 2161 1324 2220 amictus

146 2265 236 2317 genus
249 2247 361 2303 tunicae
376 2248 595 2319 superinieotum
608 2248 734 2319 (Richius
748 2249 802 2303 lex.
818 2248 926 2318 antiqq.
942 2266 964 2304 s.
973 2267 1001 2304 u.
1017 2268 1057 2304 nr.
1068 2251 1107 2320 3),
1120 2251 1197 2320 qnod
1210 2253 1324 2323 uesperi

147 2342 177 2393 et
198 2356 249 2409 per
271 2340 384 2394 noctem
406 2338 577 2409 uagantibus
596 2338 767 2408 praesidinm
791 2336 820 2391 in
842 2338 905 2408 ipso
924 2339 1056 2393 conuiuio
1079 2338 1261 2407 reiciebatur;
1288 2342 1323 2398 el.
1352 2352 1357 2359 '

147 2429 183 2483 de
202 2427 288 2483 simili
307 2427 632 2495 mrsMart.V1ssns,e
654 2429 735 2498 lapsu
752 2445 801 2483 acc
819 2446 837 2482 a
856 2429 947 2483 credito
964 2429 1113 2485 subducere
1126 2431 1220 2500 pullio
1237 2435 1325 2488 nescit

146 2523 171 2573 et
189 2522 274 2574 tectus
292 2520 379 2574 laenis
395 2533 475 2588 saepe
492 2519 602 2573 duobus
620 2519 687 2572 ubit.
717 2516 855 2573 ‘innolare
874 2518 903 2571 in
917 2516 1042 2587 aliquam
1060 2536 1120 2575 rem
1139 2520 1238 2588 (alicui
1256 2522 1322 2591 rei)'

147 2606 197 2663 nbi
215 2608 303 2663 semel
321 2607 465 2663 notionem
483 2607 594 2662 iurandi
612 2609 657 2662 est
673 2609 786 2662 nactum
804 2607 891 2677 (male
910 2609 1004 2662 autem
1024 2625 1042 2662 a
1059 2607 1127 2663 nola
1144 2611 1324 2668 snbstantino
1357 2669 1362 2680 ,

148 2698 275 2752 nonnulli
294 2696 475 2752 detinebant:
499 2696 576 2752 Seru.
595 2697 631 2751 ad
651 2695 682 2751 G.
702 2696 728 2749 11
747 2701 781 2751 88
800 2699 830 2751 et
847 2695 918 2751 Aen.
936 2696 975 2750 ΙΙΙ
994 2703 1058 2766 238,
1078 2697 1149 2754 Non.
1169 2717 1196 2769 p.
1211 2703 1266 2769 32),
1286 2701 1323 2756 ad

148 2787 228 2843 uerbi
247 2785 356 2840 ‘furari’
378 2785 591 2841 similitudinem
615 2803 678 2840 cum
702 2785 799 2840 datino
817 2802 954 2855 personae
977 2790 1007 2843 et
1030 2788 1193 2844 accusatius
1215 2788 1259 2843 rei
1281 2794 1325 2846 est

147 2875 273 2932 iunctum
297 2878 341 2943 (nt
363 2876 474 2930 Petron.
499 2881 532 2930 58
556 2877 655 2931 andos
677 2877 777 2930 bseceos
799 2890 911 2943 carere,
934 2892 1001 2945 quor
1025 2879 1131 2932 ammae
1154 2884 1218 2934 tace
1242 2881 1323 2935 inae

148 2966 238 3036 loeti),
261 2982 432 3034 quamquam
456 2963 607 3020 discrimen
630 2964 698 3020 licet
722 2981 806 3035 saepe
829 2965 1010 3021 obscuratum
1034 2966 1139 3022 mansit
1155 2967 1224 3034 hoc,
1248 2969 1324 3038 quod

148 3054 196 3124 qui
220 3054 330 3109 inuolat
353 3054 444 3122 magis
465 3052 561 3123 palam
586 3055 631 3107 est
653 3069 752 3123 rapam
779 3071 897 3124 gram.
916 3054 965 3110 let
985 3053 1071 3109 Keilii
1090 3055 1142 3108 Vll
1160 3074 1187 3125 p.
1202 3060 1256 3111 626
1279 3059 1324 3113 ιιι-

147 3145 225 3200 uolot
242 3144 291 3213 qui
309 3144 341 3197 in
358 3144 404 3198 die
421 3143 523 3198 αιιιτιιι
542 3142 654 3212 (‘uenit’
676 3142 764 3212 cod),
787 3145 909 3213 adripit
929 3145 1007 3199 clam.
1045 3162 1094 3214 per
1113 3144 1196 3200 ‘mihi
1214 3147 1321 3201 meum’

147 3236 262 3305 poetam
281 3232 393 3288 fortiter
411 3249 470 3286 rem
488 3232 632 3302 propriam
646 3231 806 3302 reflagitare
824 3234 939 3303 putant;
958 3251 1044 3303 quam
1060 3234 1118 3289 nim
1132 3234 1248 3290 minime
1261 3251 1324 3291 sen·

147 3325 222 3379 tiens
240 3341 354 3379 euersor
379 3339 508 3378 numeros
532 3322 625 3392 posito
644 3324 709 3377 ante
730 3322 836 3391 ‘quod'
858 3326 997 3378 commate
1015 3324 1224 3393 pessumdatos;
1248 3326 1324 3380 unde

147 3413 259 3470 restitui
283 3413 438 3483 quodiam
462 3415 492 3467 iu
515 3430 571 3468 nno
595 3412 667 3467 libro
686 3412 856 3482 interpolato
880 3412 985 3482 legitur
1004 3414 1121 3477 ‘menm‚
1145 3413 1216 3468 milri
1234 3415 1322 3483 qnod’

148 3506 195 3574 (de
215 3504 320 3573 ‘quod’
346 3504 464 3558 traiecto
488 3502 523 3560 cf.
548 3502 584 3557 ed
608 3501 716 3558 cornel.
736 3505 772 3574 9).
799 3534 832 3542 -
858 3503 887 3563 7.
911 3501 1126 3571 sudariumque
1150 3499 1325 3561 Sutrium

148 3594 200 3648 XII
221 3601 261 3649 14.
288 3624 319 3632 -
347 3591 606 3662 catagraphosque
626 3591 756 3661 Thynos.
794 3588 980 3660 κατάγραφος
1002 3591 1078 3661 apud
1100 3591 1222 3647 Graecos
1246 3594 1327 3648 ualet

149 3683 339 3740 ‘lineamentis
354 3686 466 3738 notatus
480 3685 565 3752 ntqne
579 3681 739 3736 distinctns’
755 3681 801 3751 (cl.
815 3681 1018 3737 Gllermannus
1032 3698 1127 3751 opusc.
1138 3682 1200 3752 Vp.
1210 3687 1264 3736 214
1275 3701 1325 3752 sq.,

148 3773 292 3828 Teulelius
315 3774 349 3841 de
374 3791 433 3828 noc.
453 3773 554 3842 singul.
573 3790 599 3842 p.
616 3778 648 3825 12
665 3774 731 3841 sq.);
756 3773 786 3825 et
808 3772 848 3826 sio
870 3772 946 3841 apud
965 3771 1101 3839 Plinium,
1126 3768 1176 3840 qni
1194 3770 1271 3826 solus
1290 3789 1325 3826 ex

121 3857 123 3861 ’
148 3862 257 3918 Latinis
275 3878 346 3916 uoce
364 3863 454 3916 utitur
471 3864 632 3931 praeterea,
650 3861 677 3915 h.
693 3880 719 3916 n.
740 3860 842 3914 XXXV
857 3865 881 3926 8,
897 3867 932 3915 ιι
949 3862 995 3915 ιιι
1013 3860 1134 3929 (Cimon)
1151 3863 1326 3932 ootuqruplu

149 3954 271 4019 inuenit,
289 3953 338 4007 hoc
356 3958 408 4018 est,
427 3953 552 4021 obliquus
570 3953 704 4021 impiata
724 3951 925 4021 (germanicum
947 3949 1105 4005 ‘Profilbild
1122 3951 1162 4004 im
1181 3950 1324 4020 Umriss’).

151 4043 295 4115 ‘Thynos’
316 4040 418 4111 (XXXI
438 4044 479 4110 6),
498 4058 571 4111 qnae
590 4059 644 4096 nox
663 4041 820 4096 necessario
840 4058 891 4110 pro
910 4041 1089 4095 substantiae
1115 4042 1160 4095 est
1178 4041 1325 4106 sumenda,

150 4131 283 4188 AStatius
297 4131 411 4202 putauit
425 4129 571 4193 εἰκονικός
585 4132 614 4184 in
630 4130 742 4186 sudario
757 4131 844 4185 fuisse
859 4148 912 4185 acu
925 4129 1025 4200 pictos,
1039 4148 1083 4199 cp.
1094 4129 1178 4200 Verg.
1189 4129 1222 4186 G.
1236 4129 1276 4184 Ill
1291 4137 1325 4186 26

146 4239 291 4292 parpareu
309 4223 410 4276 intexti
428 4223 527 4276 tollant
544 4223 644 4276 aulaea
662 4222 799 4276 Britanni
818 4221 925 4288 (lunen.
943 4225 969 4284 8,
991 4225 1041 4273 168
1062 4221 1200 4288 inscripta
1217 4220 1323 4289 lintea).

149 4311 195 4366 oni
213 4310 442 4399 interpretationi
457 4312 607 4381 propterea
629 4310 740 4376 diffido,
764 4309 839 4379 quod
864 4311 975 4379 poetam
994 4309 1076 4376 plura
1095 4307 1256 4378 diuersique
1274 4326 1323 4378 ge-

149 4401 224 4456 neris
246 4400 359 4456 sudaria
381 4403 410 4456 in
434 4400 605 4472 symposium
629 4399 758 4456 attulisse
781 4398 894 4453 credere
916 4411 1033 4465 nequeo.
1075 4398 1160 4452 mitto
1181 4395 1324 4454 unrocum
