2940 4912
219 300 285 367 224
678 301 795 357 xxxix
815 308 928 357 10-11.

220 477 291 528 quac
314 459 369 514 sibi
392 461 542 515 eandorem
566 461 693 515 dentium
716 463 776 516 sine
799 463 859 517 ulta
882 462 1018 530 spurcitia
1036 463 1214 531 comparent,
1236 465 1333 516 tamen
1351 461 1393 517 its

218 549 378 616 frequenter
396 565 429 603 ac
447 549 534 602 nulla
545 550 691 605 occasione
709 567 757 606 eos
776 553 902 619 retegere
921 551 1048 622 ineptum
1067 551 1150 605 esset.
1179 553 1287 620 quanto
1305 550 1395 621 igitur

218 636 247 691 id
266 636 389 704 ineptius
396 637 433 708 [t]
454 639 510 704 est,
530 655 592 692 cam
612 637 749 708 originem
768 641 854 695 ducas
873 656 907 694 ex
921 656 956 694 es
969 641 1054 710 gente
1068 638 1227 706 hominum,
1246 639 1395 709 quaesibi

217 741 273 780 non
295 725 392 780 horret
414 724 517 780 cotidie
540 725 623 781 urina
646 728 800 783 confricare
823 728 968 798 gingiuae,
993 732 1025 782 ut
1047 728 1144 784 dentes
1169 728 1275 783 efficiat
1297 727 1395 783 caudi·

218 814 296 868 dosr’
327 814 356 867 iu
374 814 504 884 catalogo
522 816 580 869 iam
600 816 725 871 subiecto
745 817 886 872 uariarum
905 818 1033 886 gentium
1054 818 1227 873 enumeratio
1245 818 1342 873 iocosa
1353 817 1394 872 nil

219 903 273 957 sibi
291 903 355 956 uult
372 901 452 957 aliud
470 920 554 971 quam
573 906 605 956 ut
619 905 764 973 doceatur,
783 907 854 974 quot
871 905 935 959 aliis
954 905 1114 960 nationibus
1133 905 1190 960 sint
1205 906 1395 976 postponendi

219 990 352 1046 Celtiberi
377 992 425 1046 isti
448 994 612 1062 contempti.
637 1025 669 1033 -
694 993 793 1048 last
817 993 952 1049 urbanus
975 1009 1068 1051 esses.
1109 995 1216 1050 Romae
1241 998 1338 1062 natus,
1363 995 1396 1049 ut

218 1079 293 1134 LVll
313 1087 344 1148 4,
364 1080 441 1136 Suet.
456 1079 534 1136 Caes.
550 1085 582 1136 bl
602 1083 718 1148 arboni,
736 1088 843 1137 somate
860 1099 972 1149 aceres,
992 1084 1081 1139 Varro
1102 1084 1128 1140 d.
1147 1102 1169 1137 r.
1188 1102 1210 1138 r.
1230 1083 1256 1137 ΙΙ
1274 1082 1362 1153 praet.
1379 1090 1393 1138 1

219 1170 309 1225 nostri
326 1171 442 1224 maiores
457 1172 664 1239 praeponebant
681 1173 798 1226 misticae
816 1171 957 1227 Romarm
974 1174 1098 1228 urbanis.
1129 1173 1186 1241 ‘si’,
1205 1172 1268 1229 etsi.
1287 1203 1321 1212 -
1341 1175 1395 1228 aut

220 1257 349 1312 Sublnrm
368 1260 422 1313 aut
440 1258 561 1314 Tiburs.
592 1258 675 1313 XLIV
694 1257 717 1314 1.
745 1260 856 1315 Tiburis
875 1261 984 1316 incolae
1003 1278 1065 1316 cum
1085 1262 1161 1316 haud
1176 1277 1239 1317 raro
1258 1264 1395 1317 nocentur

219 1347 364 1413 Tiburtes,
383 1347 429 1401 hic
449 1344 547 1402 uuicos
566 1352 610 1403 est
627 1349 718 1416 locus,
737 1353 873 1420 quantum
893 1351 963 1418 scio,
984 1351 1032 1406 ubi
1051 1348 1201 1421 singularis
1221 1350 1394 1406 snbstantioi

219 1435 296 1490 illins
318 1435 485 1491 inueniatur.
523 1439 646 1490 ceterum
671 1437 778 1507 optimc
797 1437 918 1508 Vulpius
942 1439 1101 1505 adnotauit,
1124 1439 1230 1493 tamam
1249 1438 1326 1509 apud
1345 1456 1393 1494 ue·

219 1527 293 1578 teres
311 1525 396 1580 tuisse
415 1526 624 1599 peruulgatam,
648 1527 707 1582 seri
726 1526 872 1582 Tiburtino
892 1533 964 1582 banc
983 1545 1043 1584 esse
1062 1527 1241 1596 facultatem,
1260 1531 1293 1582 ut
1310 1529 1394 1585 rebus

220 1612 371 1668 conciliare
394 1616 483 1684 possit
505 1616 668 1682 candorem,
693 1633 737 1685 cp.
761 1615 842 1672 liert
867 1616 905 1669 IV
929 1623 963 1671 62
989 1616 1078 1671 Tibur
1100 1617 1133 1670 ι’νι
1155 1617 1322 1672 Herculeam
1345 1619 1395 1672 mi

219 1705 313 1772 praeit
331 1705 414 1772 mipra
432 1703 559 1775 Lycoris,
578 1706 672 1758 amaia
690 1705 755 1759 dam
772 1705 835 1772 fieri
848 1707 971 1760 candida
985 1705 1256 1774 pertranavit
1272 1712 1314 1774 13,
1328 1705 1395 1761 Vlll

219 1799 267 1858 28,
288 1794 346 1861 lt),
370 1793 451 1862 Prop.
471 1793 509 1846 lv
530 1799 554 1859 7,
574 1797 608 1847 82
631 1799 656 1848 et
677 1811 827 1863 numquam
845 1794 981 1849 Herculeo
1002 1795 1115 1848 momine
1132 1794 1221 1863 pallet
1243 1795 1326 1862 obas,
1344 1795 1395 1850 Sil.

219 1881 281 1936 ltal.
302 1880 352 1935 llll
371 1887 431 1936 229.
452 1913 485 1922 -
504 1881 552 1936 11.
571 1882 625 1935 sut
642 1896 753 1950 parcus
772 1881 893 1937 Umber.
921 1900 973 1938 nee
993 1882 1115 1952 ‘percos’
1136 1899 1186 1951 per
1204 1899 1234 1938 se
1253 1882 1396 1952 siguificat

220 1969 279 2038 ‘qui
298 1987 382 2039 parco
400 1969 479 2025 uictu
493 1970 591 2024 utitur’
610 1987 662 2025 nec
676 1971 771 2025 hocin
788 1970 905 2025 Umbros
920 1971 1041 2040 quadrat
1053 1974 1136 2039 (quae
1150 1969 1267 2025 Ellisius
1286 1972 1393 2040 attulit,

218 2061 328 2112 tautum
348 2060 553 2126 demonstrant,
572 2059 658 2114 etiam
677 2059 750 2114 inter
769 2075 817 2114 eos
839 2059 923 2114 fnisse
938 2059 1064 2114 homiues
1077 2062 1238 2129 pauperes);
1257 2060 1292 2115 cf.
1309 2062 1395 2117 Attie-

221 2164 308 2202 naeus
328 2147 379 2201 XIl
398 2153 450 2202 526
465 2165 505 2215 sq.
529 2144 560 2201 rb
585 2148 640 2200 τῶν
657 2143 810 2216 Ὀμβρίκων
834 2148 921 2217 φησίν
945 2147 1031 2210 ἔθνος
1055 2143 1187 2211 ἐπιεικῶς
1211 2146 1287 2203 εἶναι
1309 2144 1395 2222 ἅβρα

217 2238 327 2291 δίαιτον
346 2237 545 2305 παραπλησίως
564 2256 593 2290 τε
614 2232 754 2306 βιοτεύειν
778 2243 836 2299 τοῖς
855 2239 973 2304 Λυδοῖς,
996 2234 1091 2306 χώραν
1115 2256 1144 2292 τε
1170 2235 1246 2307 ἔχειν
1265 2233 1395 2307 ἀγαθήν,

218 2320 290 2381 ὅθεν
309 2329 461 2395 προελθεῖν
480 2324 521 2388 είς
540 2321 736 2395 εὐδαιμονίαν.
764 2324 850 2380 solita
868 2329 964 2380 autem
980 2324 1184 2394 significatione
1198 2324 1223 2380 si
1236 2325 1393 2396 accipimus

219 2415 352 2485 ‘parcus’,
371 2413 445 2470 nihil
462 2415 515 2469 hoc
535 2413 681 2484 epitheton
700 2414 770 2470 tacit
788 2414 824 2468 sd
838 2415 1026 2484 propositum,
1045 2414 1198 2469 secundum
1216 2415 1291 2483 quod
1309 2432 1393 2484 syno-

217 2523 332 2574 nymum
355 2504 449 2574 potius
472 2503 549 2558 illios
572 2505 647 2572 quod
667 2504 793 2574 sequitur
813 2504 944 2558 ‘obesus’
970 2504 1150 2573 requirimus:
1174 2503 1342 2560 adseruntur
1362 2505 1391 2560 iu

219 2594 272 2648 hoc
297 2613 323 2646 u.
342 2596 454 2663 gentes,
478 2610 550 2662 quae
572 2597 688 2663 propter
711 2594 875 2664 opulentum
898 2591 1013 2647 uiuendi
1036 2611 1123 2663 genus
1147 2592 1258 2662 saepius
1276 2609 1309 2647 os
1328 2610 1391 2648 con·

216 2683 306 2737 luunt.
340 2681 467 2753 Scaliger
485 2701 541 2738 non
560 2684 631 2737 benc
651 2682 773 2737 coniecit
793 2683 915 2754 ‘porcus'
937 2682 1014 2752 (Hor.
1030 2681 1112 2751 epist.
1127 2682 1139 2734 I
1153 2687 1179 2747 t,
1198 2685 1254 2749 16);
1274 2681 1392 2738 Vossius

219 2772 338 2840 ‘pastus’
356 2787 398 2841 cp.
414 2772 524 2840 glossas
540 2771 709 2827 ‘Philoxeni'
724 2778 834 2841 pastas:
849 2767 979 2841 πιμελής,
998 2768 1127 2838 λιπαρόςς
1143 2770 1269 2826 omnium
1283 2773 1392 2842 optime

218 2859 366 2914 BVenator
382 2860 503 2915 ‘fartus’.
533 2860 633 2916 Strabo
648 2862 672 2913 V
688 2881 713 2931 p.
729 2868 781 2915 21‘1
797 2855 894 2915 ἅπασα
909 2855 939 2915 δ’
955 2855 1099 2928 εὐδαίμων
1113 2852 1131 2928 ἡ
1146 2857 1233 2929 χώρα,
1251 2862 1343 2934 μικρῷ
1358 2856 1389 2914 δ’

217 2943 378 3018 bessarione,
400 2950 461 3021 ζειᾷ
483 2950 587 3019 μᾶλλον
612 2944 629 3019 ἢ
649 2952 728 3022 πυρῷ
748 2946 814 3012 τούς
832 2946 1004 3017 ἀνθρώπους
1023 2947 1166 3017 τρέφουσα
1185 2950 1232 3019 (cf.
1250 2951 1319 3007 Hor.
1339 2954 1390 3008 sat.

217 3039 241 3092 ll
261 3045 291 3105 4,
311 3044 346 3091 40
374 3039 472 3093 Umber
494 3045 520 3094 et
543 3041 634 3108 tlipma
656 3042 781 3095 nutritas
803 3040 904 3108 plaade
926 3039 1061 3094 rotundas
1078 3043 1179 3093 cursat
1200 3056 1268 3108 aper
1286 3041 1389 3107 ίαιιουος

219 3127 396 3182 OMuellcnrs
420 3126 486 3183 libri
505 3129 541 3184 de
559 3130 685 3184 Etruscis
704 3131 714 3183 l
733 3148 761 3198 p.
776 3133 851 3193 titt:
878 3130 930 3184 hoc
953 3145 1017 3182 scae
1041 3129 1071 3182 et
1092 3128 1202 3198 glaudio
1227 3128 1291 3183 cibo
1315 3129 1392 3198 quod

216 3218 361 3287 replentur
384 3216 496 3283 Umbri,
522 3218 571 3287 qui
594 3221 745 3288 propterea
764 3221 883 3288 piapaes
907 3219 1043 3273 uocantur
1067 3215 1142 3271 Pers.
1162 3223 1193 3284 t,
1213 3223 1261 3284 tt,
1286 3233 1321 3273 eo
1349 3235 1392 3273 re-

218 3307 276 3361 fero
300 3306 371 3361 illud
393 3306 523 3373 ‘fartus',
543 3307 570 3361 h.
590 3325 614 3365 e.
634 3307 787 3377 saginatus.
824 3308 898 3363 male
921 3309 1016 3362 autem
1034 3323 1079 3362 res
1098 3308 1232 3362 successit
1251 3307 1392 3362 GLocwio

216 3414 250 3451 ex
270 3397 372 3467 glossis
390 3395 435 3464 (cf.
455 3396 560 3453 testim.
580 3397 637 3453 uol.
657 3398 680 3467 l)
700 3414 819 3467 operosa
836 3398 963 3466 flexaque
982 3395 1226 3465 argumentatione
1244 3397 1392 3466 tamquam

217 3486 324 3540 Catulli
342 3503 456 3541 manum
477 3486 607 3541 ‘crassus’
628 3487 760 3543 elicienti.
790 3486 876 3541 medii
895 3485 958 3539 aeui
977 3483 1184 3554 ludimagister,
1202 3485 1252 3553 qui
1269 3486 1345 3540 bunc
1364 3505 1390 3542 u.

215 3576 314 3630 attulit
332 3579 365 3631 ut
384 3575 508 3630 ‘obesus’
529 3575 592 3645 plus
611 3594 694 3645 quam
711 3576 846 3646 ‘pinguis'
863 3592 923 3630 esse
938 3572 1091 3644 optineret,
1112 3572 1217 3629 Catulli
1235 3574 1392 3645 exemplari

215 3668 258 3719 est
276 3682 355 3730 usus,
374 3666 403 3718 in
422 3682 477 3733 quo
494 3664 630 3734 ‘pinguis'
646 3666 786 3735 glossema
802 3664 870 3718 olim
889 3662 1109 3733 suprascriptum
1127 3661 1276 3732 depulerat
1293 3681 1390 3721 ueram

215 3752 364 3807 lectionem
386 3750 506 3810 ‘fartum
535 3772 600 3813 nm
620 3772 687 3809 saue
706 3756 759 3809 hoc
779 3754 872 3823 ipsum
893 3751 1037 3822 ‘pinguis’,
1056 3752 1156 3820 utpote
1175 3752 1222 3806 uix
1240 3755 1271 3807 et
1287 3769 1324 3808 uc
1343 3756 1392 3811 uix

216 3841 328 3912 quidem
348 3841 377 3896 in
398 3842 521 3912 ‘parcus'
547 3848 721 3913 corruptum,
745 3859 796 3912 pro
816 3841 919 3897 Catulli
939 3857 1023 3895 mann
1041 3839 1138 3894 haberi
1156 3841 1263 3910 nequit.
1283 3874 1317 3883 -
1336 3845 1392 3900 aut

215 3932 323 3987 obesus
343 3932 499 3986 lltruscus.
536 3933 665 3988 nouimus
684 3949 780 3988 omnes
804 3949 837 3986 ex
856 3931 971 3998 muscis,
995 3946 1066 3998 quac
1086 3932 1195 3984 statuas
1216 3931 1390 4002 sculpturas

215 4039 269 4089 qus
287 4021 419 4076 Etruscas
442 4021 602 4091 possident,
626 4023 762 4076 staturam
786 4020 899 4075 breuem
923 4022 952 4072 et
975 4034 1075 4087 corpus
1098 4018 1202 4088 pingue
1220 4018 1286 4075 huic
1309 4022 1391 4089 genti

215 4113 371 4181 proprium
395 4112 512 4180 pimpus's
540 4110 696 4181 Tyrrmaus
722 4109 866 4178 (carnibus
894 4107 1086 4172 uictimarum)
1115 4105 1198 4176 Verg.
1218 4107 1250 4162 G.
1275 4107 1300 4162 ΙΙ
1321 4115 1389 4179 1⁹33

215 4200 345 4268 idemque
365 4203 432 4255 Aen.
452 4200 489 4253 Xl
509 4205 560 4254 732
575 4218 635 4269 sqq.
659 4197 790 4254 inertiam
813 4196 1011 4267 ignauiamque
1034 4192 1195 4249 bominibus
1217 4196 1275 4251 illis
1298 4196 1388 4269 dapes

214 4291 244 4342 et
266 4290 366 4357 plenae
389 4289 491 4358 pocula
508 4306 621 4344 mensae
641 4285 852 4357 expectantibus
880 4282 967 4339 obicit
989 4280 1034 4346 (ci.
1059 4284 1089 4334 et
1111 4279 1389 4355 monticillo).

214 4378 318 4433 Paulus
336 4378 413 4431 Festi
432 4397 459 4448 p.
477 4384 526 4433 188
545 4380 653 4444 obesas,
666 4377 784 4447 piopriis
801 4374 882 4442 attasi
895 4369 1029 4425 obedendo
1044 4367 1106 4436 t‘ob
1120 4369 1273 4428 edendum'
1290 4375 1388 4449 codd]
