2940 4912
205 298 271 362 ‘276
690 298 738 353 LV
758 304 899 354 17⁸—19·.

204 475 289 528 quam
312 474 431 527 sequens
451 458 546 513 ‘adde’
566 461 625 511 tam
644 458 795 512 manifesto
814 458 933 524 indicat,
958 459 991 510 ut
1008 456 1149 511 dubitatio
1167 473 1312 526 superesse
1331 473 1379 510 ue-

204 549 290 616 queat
308 547 465 601 hominibus
484 544 615 601 cordatis.
653 546 732 601 dedit
749 550 846 616 poeta:
876 547 925 599 ‘da
944 549 990 615 (=
1007 545 1111 615 praebe
1130 543 1211 614 mihi)
1228 543 1262 598 R.
1282 543 1380 599 niueas

204 635 330 704 citusque
354 636 458 705 bigas’.
501 636 637 689 Thraciae
663 653 712 689 rex
735 636 856 702 Rhesus,
884 636 1017 691 Hecubae
1040 634 1127 689 frater
1149 635 1180 688 et
1202 652 1219 688 a
1242 632 1379 689 Diomede

205 723 326 792 occisus,
351 728 432 779 notus
458 730 501 779 est
525 743 558 779 ex
582 725 661 779 Holn.
686 725 718 780 II.
743 724 838 779 X433
858 742 931 794 sqq.;
957 724 991 778 de
1011 724 1071 778 eius
1090 721 1168 793 equis
1187 722 1322 777 fatalibus
1341 723 1378 778 ab

202 807 282 868 Ulixe
305 813 434 868 abductis
459 814 492 869 cl.
512 813 592 869 Hom.
615 813 634 868 I.
658 812 677 869 l.
697 819 748 867 437
773 814 823 867 τοῦ
848 810 884 881 δὴ
912 815 1074 875 καλλίστους
1107 813 1210 874 ἵππους
1237 812 1301 866 t'dov
1324 807 1377 880 tel

202 903 357 972 μεγίστους.
394 899 552 971 λευκότεροι
576 905 683 972 χίονος,
705 904 801 957 θείειν
825 898 853 956 δ’
879 896 1025 971 ἀνέμοισιν
1050 896 1143 970 ὁμοῖοι
1168 900 1247 969 (Aen.
1267 900 1319 954 ΧΠ
1343 904 1379 954 84

202 993 252 1061 qui
274 994 392 1047 caudore
414 994 493 1046 uiues
516 994 666 1059 anteirent,
690 992 816 1063 cursibus
839 996 948 1056 aurae),
973 990 1069 1060 Eurip.
1088 991 1171 1044 Rhoe.
1191 995 1241 1043 301
1263 1006 1322 1058 sqq.
1343 1020 1377 1030 -

206 1081 269 1135 17⁸.
288 1080 363 1135 oddo
382 1081 441 1135 huc
460 1080 649 1149 plumipedes
667 1079 882 1147 uolatilesque.
920 1079 996 1133 ‘huc’
1017 1079 1054 1133 sd
1072 1079 1157 1132 Rhesi
1176 1077 1256 1148 bigas
1271 1077 1378 1133 dandas

203 1170 399 1224 tantummodo
423 1173 549 1239 spectare
571 1170 673 1237 potest.
710 1172 740 1222 et
763 1170 807 1223 est
824 1166 878 1223 hoc
900 1167 1036 1222 indicium
1054 1165 1166 1237 ingens,
1189 1169 1302 1239 poetam
1322 1184 1379 1221 non

206 1259 240 1313 de
255 1258 392 1333 Mercurio
411 1256 488 1312 alato
508 1259 537 1312 et
551 1257 676 1312 Daedalo
695 1260 725 1312 et
738 1258 803 1312 Zete
819 1256 953 1325 Calaique
971 1255 1106 1326 cogitare,
1123 1257 1156 1310 ut
1169 1255 1256 1327 uulgo
1275 1256 1379 1325 putant

202 1347 258 1415 (illi
287 1346 431 1416 inpriore
457 1344 550 1414 potius
574 1344 645 1398 serie
669 1346 751 1398 erant
772 1345 941 1414 adserendi);
969 1344 1060 1400 tolero
1090 1360 1144 1415 ego
1171 1343 1208 1399 ad
1231 1342 1379 1399 columbas

207 1432 332 1499 Veneris,
351 1450 475 1504 pauones
494 1433 620 1501 Iunonis,
643 1434 777 1488 dracones
797 1433 903 1490 Cereris
923 1450 1033 1488 currum
1052 1433 1197 1487 trahentes
1215 1430 1381 1501 similesque

207 1522 298 1590 alites,
314 1540 383 1591 quaa
397 1522 511 1592 insuper
525 1520 583 1576 suis
593 1521 666 1591 bigis
676 1521 754 1593 iungi
764 1541 837 1577 nunc
848 1525 929 1593 optat
937 1525 1029 1593 poeta.
1053 1539 1118 1577 nam
1129 1520 1216 1575 artius
1226 1519 1381 1576 cohaerent

204 1610 384 1682 plumipedes
408 1615 436 1666 et
459 1609 604 1678 uolatiles,
628 1611 655 1667 h,
679 1628 702 1666 c.
740 1627 811 1681 quae
835 1629 868 1666 ex
887 1610 990 1680 plumis
1009 1611 1110 1680 pedum
1131 1609 1227 1664 uolare
1245 1613 1378 1679 possunt;

205 1700 311 1756 Colum.
331 1700 396 1753 VIII
416 1706 441 1768 l,
461 1706 576 1769 Specus
594 1700 715 1767 uolatile,
735 1700 790 1755 cie.
810 1701 836 1754 d.
857 1719 883 1754 n.
903 1700 930 1756 d.
949 1699 975 1753 II
994 1706 1038 1767 60,
1058 1704 1107 1754 151
1128 1699 1378 1754 emiaruolautes.

203 1789 389 1860 ‘plumipeda’
430 1784 489 1855 (tn.
525 1791 592 1858 try.)
625 1788 723 1842 derina
755 1807 773 1842 a
806 1790 900 1859 ‘peda’
935 1787 1125 1857 substantiae,
1164 1787 1239 1856 quod
1271 1787 1379 1842 Paulus

203 1877 279 1933 Festi
294 1897 320 1947 p.
340 1885 391 1932 211
415 1877 538 1946 explieat
555 1879 701 1947 uestipium
719 1879 868 1932 humanum
887 1879 1017 1947 quodque
1036 1878 1120 1932 latius
1138 1879 1238 1946 pateus
1257 1876 1378 1930 alteram

201 1967 278 2021 illius
298 1966 369 2036 ‘pes’
391 1966 509 2019 formam
533 1965 619 2019 fuisse
643 1968 773 2035 apparet;
797 1966 833 2019 cf.
857 1965 983 2035 ‘bipeda'
1009 1966 1039 2020 et
1057 1964 1267 2034 ‘decempede',
1293 1982 1377 2035 porro

202 2054 373 2124 ‘centipeda'
403 2054 461 2123 (qui
489 2053 658 2107 uermiculus
685 2053 769 2108 etiam
805 2054 982 2122 ‘multipeda’
1014 2055 1045 2107 et
1072 2052 1246 2122 ‘millepeda’
1277 2054 1377 2124 audit),

202 2141 322 2239 denique
352 2141 517 2212 ‘remipeda'
543 2142 632 2211 (Varr.
661 2146 713 2197 sat.
737 2142 811 2198 Men.
839 2147 891 2198 489
915 2143 957 2211 Β.)
987 2145 1016 2197 et
1039 2141 1230 2213 ‘scrupipeda’
1257 2141 1377 2210 (quent

202 2250 272 2288 com.
294 2239 309 2287 5
329 2231 381 2295 It).
419 2231 589 2286 substantiui
607 2235 701 2286 autem
715 2233 774 2286 uim
789 2233 835 2287 hic
850 2232 937 2287 habet
949 2248 1004 2287 uox
1016 2248 1088 2287 noue
1103 2232 1177 2301 licta,
1195 2233 1228 2285 ut
1240 2229 1329 2286 LXIlI
1343 2239 1375 2286 41

202 2320 415 2390 ‘sonipedibus’.
441 2352 472 2359 -
498 2320 803 2388 mansurumque
828 2320 919 2376 simul
942 2320 1065 2388 requlre
1089 2334 1221 2376 cunum.
1263 2321 1376 2389 postula

200 2428 256 2465 uua
279 2427 341 2464 cum
368 2410 411 2464 his
436 2410 608 2465 celeritatem
631 2412 787 2464 uentorum.
824 2411 872 2465 sed
898 2428 916 2465 a
936 2427 1058 2479 quonam
1082 2408 1225 2479 postulare
1243 2409 1315 2464 hauc
1335 2409 1376 2464 iu·
1441 2420 1443 2425 '

201 2501 281 2554 betur
306 2497 466 2553 Camerini?
503 2497 600 2552 statim
623 2499 659 2552 ad
683 2499 754 2554 haec
777 2499 944 2569 respondere
969 2497 1138 2554 conabimur.
1159 2529 1191 2539 -
1212 2499 1275 2553 19⁸.
1298 2512 1375 2565 quos

201 2588 336 2659 ulnctos,
362 2586 495 2657 dumont,
519 2586 593 2640 milrl
618 2586 747 2642 dlcores.
786 2586 919 2642 ‘uinctos'
946 2587 1032 2642 luisse
1056 2587 1168 2642 uidetur
1186 2586 1216 2640 in
1235 2587 1259 2643 V
1278 2587 1331 2656 (ita
1350 2585 1374 2642 (l

200 2696 236 2730 m.
259 2685 281 2742 1,
301 2675 324 2732 0
345 2676 458 2729 ‘uictos’
480 2675 536 2729 leni
556 2691 660 2729 errore:
682 2676 814 2731 ‘iunctos'
836 2674 861 2732 t}
880 2694 916 2730 m.
935 2681 961 2743 2,
979 2676 1117 2730 fluctuant
1135 2676 1208 2730 inter
1226 2677 1375 2745 utrumque

200 2765 279 2820 codd.
304 2764 476 2832 deteriores).
514 2766 567 2818 hoc
591 2765 615 2817 si
638 2766 673 2818 ad
698 2768 794 2820 notam
817 2764 944 2819 fabulam
967 2763 1083 2818 Homeri
1107 2764 1171 2835 [od.
1194 2764 1219 2817 X
1239 2770 1271 2819 17
1291 2764 1375 2836 sqq.],

199 2854 273 2924 apud
298 2871 380 2922 quem
399 2853 503 2907 Aeolus
529 2854 579 2906 dat
599 2853 673 2907 Ulixi
697 2858 794 2909 uentos
813 2852 842 2908 in
861 2855 923 2908 utre
942 2854 1052 2908 uinctos
1071 2854 1106 2908 ad
1126 2853 1277 2923 regendam
1296 2853 1375 2908 naui·

200 2941 357 3011 gationem,
389 2942 534 2996 referimus
568 2946 681 2996 arrotore
710 2943 866 3010 Benoistio,
900 2945 965 3012 apte
996 2941 1109 3013 quidem
1137 2942 1166 2997 in
1193 2943 1237 2997 his
1264 2959 1375 3012 quoqne

200 3032 335 3086 habemus
351 3030 572 3085 recordatIonem
586 3030 753 3099 fabularum,
773 3032 822 3087 sed
837 3032 978 3101 quomodo
992 3032 1063 3086 haec
1079 3031 1248 3087 constructio
1263 3030 1375 3086 ‘uentos

199 3119 317 3188 require,
337 3136 406 3187 quos
425 3118 535 3173 uinctos
553 3119 623 3172 mihi
642 3118 762 3174 dicares'
784 3124 858 3174 stare
878 3121 968 3190 possit
985 3120 1100 3175 minime
1114 3118 1305 3189 perspicimus.
1343 3121 1376 3172 ut

198 3210 251 3262 hoc
275 3209 390 3273 addam,
416 3208 531 3262 ‘dicare'
557 3209 615 3262 iere
633 3209 710 3262 ualet
729 3208 775 3261 hic
796 3209 924 3263 ‘donare'
946 3208 1005 3263 siue
1026 3208 1130 3275 ‘dare',
1154 3212 1187 3263 ut
1204 3208 1285 3278 Verg.
1308 3209 1320 3261 I
1340 3215 1374 3263 '13

196 3298 390 3367 propriumque
412 3297 515 3352 dicabo.
554 3298 602 3350 sed
627 3301 738 3366 praeter
762 3299 977 3354 constructionis
1000 3298 1166 3353 foeditatem
1191 3299 1244 3352 hoc
1263 3312 1374 3366 quoque

198 3404 248 3441 uos
268 3387 346 3454 latet,
366 3386 505 3455 quomodo
525 3385 671 3440 uocatiuus
687 3387 819 3441 ‘Camari’
841 3389 870 3442 in
888 3405 944 3442 uno
963 3385 1058 3455 aliquo
1077 3387 1140 3441 colo
1155 3386 1246 3441 locum
1261 3385 1374 3441 habeat

199 3495 282 3547 quem
302 3495 365 3531 curn
383 3476 470 3547 probe
490 3475 681 3530 intellexerint
699 3479 808 3532 tantum
827 3477 857 3530 in
871 3476 952 3531 initio
968 3474 1107 3530 enuntiati
1121 3474 1177 3544 (hic
1191 3476 1285 3545 priora
1300 3491 1374 3530 com-

198 3566 406 3637 prehendentis)
426 3565 583 3634 legitimum
604 3581 678 3634 esse,
697 3568 783 3636 uulgo
802 3565 842 3620 sic
860 3567 1094 3634 interpretentur,
1114 3566 1146 3617 ut
1163 3563 1199 3618 ab
1218 3563 1262 3618 his
1280 3565 1374 3621 uerbis

197 3656 322 3724 incipere
346 3658 446 3724 putent
468 3655 603 3723 spodssin
627 3672 676 3724 per
695 3656 814 3710 formam
833 3654 971 3709 enuntiati
991 3651 1193 3709 condicionalis
1213 3669 1373 3723 expressam

199 3745 248 3798 ‘du
273 3745 341 3798 mihi
367 3743 453 3797 Rhesi
475 3744 582 3798 nobiles
605 3745 698 3814 bigas,
722 3745 843 3814 adiunge
866 3743 910 3796 his
935 3744 1017 3798 aIItes
1040 3760 1151 3809 omnes,
1174 3742 1218 3796 fac
1241 3747 1273 3797 ut
1295 3744 1375 3798 uenti

197 3833 279 3887 simul
304 3832 384 3884 flent:
411 3832 479 3886 haec
505 3833 599 3887 omnia
621 3833 645 3886 si
669 3832 738 3887 mihi
763 3833 896 3902 copulata
918 3849 1032 3902 parares
1056 3832 1203 3899 deresque,
1232 3834 1326 3886 tamen
1345 3835 1375 3888 te

197 3924 295 3976 horum
322 3936 374 3988 ope
395 3920 618 3976 commodissime
637 3921 835 3990 celerrimeque
856 3938 992 3990 quaerens
1011 3921 1125 3976 tandem
1145 3920 1305 3975 desisterem
1325 3921 1374 3975 de·

197 4010 354 4079 fatigatus‘.
392 4009 490 4078 legunt
509 4012 602 4064 autem
622 4012 670 4079 qui
690 4010 730 4064 itu
749 4010 891 4079 explicant
910 4009 1044 4065 ‘iunctos'
1066 4013 1123 4076 aut,
1143 4026 1205 4064 cum
1225 4010 1279 4064 hoc
1299 4009 1373 4064 diffi-

198 4099 333 4153 cillimum
354 4099 392 4152 sit
416 4098 571 4167 explicatu,
595 4102 707 4154 auctore
732 4098 885 4154 Schradero
911 4099 1060 4154 ‘cunctos’.
1098 4099 1146 4152 sed
1169 4099 1199 4152 in
1218 4099 1269 4152 illa
1286 4097 1373 4154 inter-

197 4187 354 4256 pretatione
383 4187 455 4241 male
479 4205 507 4243 se
532 4189 618 4243 habet
642 4189 734 4257 ‘quos'
761 4174 795 4242 sd
822 4189 917 4243 omniu
940 4187 1035 4257 priora
1057 4190 1177 4241 relatum
1202 4187 1373 4257 (necessario

196 4275 348 4345 requiritur
367 4276 490 4344 ‘quae’);
510 4282 539 4331 et
557 4295 622 4331 uum
644 4277 690 4331 ‘sl'
712 4275 758 4331 hic
778 4277 889 4345 quidem
909 4276 1001 4331 omitti
1020 4275 1110 4346 possit
1128 4277 1296 4345 perdubium
1315 4280 1373 4344 est;

197 4364 316 4432 denique
335 4381 430 4418 uersus
450 4365 549 4434 prioris
569 4384 664 4420 sensus
684 4365 816 4420 obscurus
837 4369 938 4419 manet.
976 4365 1026 4419 has
1045 4363 1226 4420 difficultates
1245 4365 1269 4419 si
1289 4382 1372 4421 eccu-
