2940 4912
588 326 869 385 ruoaacousus.
1276 334 1318 397 17

143 516 203 557 mse
224 500 378 559 sermonis
401 498 556 559 cottidiani
585 497 665 573 apud
688 498 823 557 homines
852 498 982 558 urbanos
1006 500 1135 576 speciem
1158 502 1318 576 puriorem.

142 598 303 673 eademne
324 616 394 656 cum
411 615 486 656 cura
506 597 538 655 in
557 596 673 655 delectu
692 597 854 656 uerborum
872 598 961 656 cultis
980 598 1103 656 auribus
1123 599 1318 672 probatorum

144 695 352 755 mrsabantur.
390 713 572 771 quamquam
595 695 625 752 in
649 695 705 753 hac
727 698 814 769 parte
833 694 962 769 spatium
982 695 1081 770 patuit
1104 698 1152 753 sat
1175 714 1317 772 magnum

143 798 171 852 et
190 810 209 851 ι
230 800 408 869 poematum
431 793 593 870 generibus
616 796 647 851 et
669 810 688 851 a
707 791 893 868 singulorum
912 795 1066 869 poetarum
1087 793 1186 851 indole
1206 793 1317 868 patria-

145 910 203 965 que
234 908 306 949 nam
331 896 368 950 ut
391 891 510 952 minuta
532 890 665 951 carmina
688 893 719 948 et
743 890 962 966 epigrammata
979 891 1154 968 gaudebant·
1173 892 1317 950 sermonis

145 988 295 1047 Iamiliams
323 989 430 1048 uerbis
452 989 712 1063 locutionibusque
741 980 843 1067 (lectis
867 992 968 1047 tamen
997 989 1158 1065 atquibus
1182 989 1317 1048 homiues

146 1086 249 1145 halama
270 1086 364 1146 tincti
387 1080 580 1167 utebantur),
604 1085 712 1163 quibus
735 1086 844 1145 leuiter
874 1085 1033 1162 adspersus
1057 1086 1104 1145 hic
1127 1087 1189 1147 illic
1211 1087 1317 1147 doctus

146 1192 260 1244 cnutus
287 1204 347 1245 uec
375 1186 533 1262 quaesitus
560 1184 742 1261 peculiarem
769 1184 920 1243 interdum
943 1185 1073 1258 gratiam
1096 1186 1249 1263 praebuit,
1274 1186 1318 1243 Ita

146 1302 184 1341 eu
200 1303 247 1361 gr.
265 1282 385 1343 Caluus
404 1284 517 1343 Romae
535 1286 625 1342 natus
645 1284 676 1341 et
695 1280 833 1341 Catullus
853 1283 1033 1342 Veronensis
1056 1284 1087 1342 in
1110 1285 1199 1342 buius
1222 1284 1317 1359 ipsius

146 1382 282 1441 monis
307 1382 472 1442 familiaris
490 1400 549 1440 usu
568 1381 610 1440 sic
634 1380 697 1440 sine
716 1379 807 1440 dubIo
826 1380 906 1440 inter
926 1401 958 1440 se
977 1381 1164 1453 differebant,
1184 1387 1220 1441 ut
1237 1381 1317 1440 illius

147 1478 232 1538 uerba
256 1480 361 1556 magia
392 1479 598 1538 urbanitatem
625 1479 754 1538 recentis
782 1479 940 1554 temporis,
971 1479 1060 1538 huius
1090 1480 1185 1555 magis
1214 1479 1317 1538 stilum

147 1574 358 1637 Terentianum
382 1570 436 1657 (ct.
460 1580 551 1653 caput
572 1575 635 1656 Ill)
659 1593 719 1635 non
743 1575 806 1634 sine
829 1577 1021 1651 prouincialis
1046 1577 1183 1636 dictionis
1207 1576 1317 1635 admix-

146 1674 217 1733 tione
238 1676 405 1735 referrent.
439 1674 493 1735 aad
517 1675 543 1734 si
565 1675 626 1734 iam
649 1673 680 1732 in
702 1675 759 1733 bac
777 1679 864 1750 parba
887 1691 959 1732 cura
979 1674 1130 1749 inpensior
1149 1675 1319 1749 procreauit

147 1790 196 1833 ια
209 1774 397 1833 mediocrem
413 1792 431 1832 a
445 1773 596 1850 prioribus
610 1772 819 1848 differentiam,
837 1774 892 1832 boc
907 1773 1003 1833 multo
1017 1773 1115 1849 magis
1129 1773 1185 1832 usu
1201 1773 1318 1833 uenisse

145 1878 289 1932 maest
318 1874 353 1931 in
382 1873 428 1933 eis
457 1873 618 1949 poematis,
646 1889 723 1947 quae
756 1889 905 1930 summum
934 1872 1047 1931 formae
1075 1871 1127 1930 diu
1154 1871 1320 1948 castigatae

146 1978 275 2029 mcum
300 1969 559 2047 splendoremque
583 1970 667 2046 quasi
691 1969 825 2029 debitum
849 1970 1038 2045 flagItauere:
1072 1971 1103 2027 iu
1126 1971 1213 2029 docta
1235 1970 1320 2045 poesi

146 2068 273 2128 multo
287 2068 468 2145 elegantias
482 2066 753 2127 Alexandrinorum
772 2071 927 2144 captantes
943 2087 1156 2144 usquequaque
1175 2074 1239 2127 arte
1257 2071 1319 2126 ute·

147 2164 246 2225 intur
267 2166 348 2226 noui
371 2170 481 2241 poetae
504 2166 730 2240 circumspecta.
771 2184 847 2240 quae
876 2169 941 2223 tum
965 2166 1094 2240 primum
1118 2167 1237 2225 inuecta
1260 2184 1320 2224 uon

145 2267 232 2337 potuit
256 2283 322 2324 uon
347 2282 418 2325 esse
441 2264 490 2323 hic
511 2263 574 2323 illic
597 2263 771 2322 duriuscule
794 2268 824 2322 et
847 2264 1030 2339 inplicatior‚
1050 2283 1117 2322 cum
1140 2264 1319 2340 praesertim

145 2362 307 2423 rhetoricae
339 2381 403 2423 nou
429 2362 475 2420 ita
502 2362 617 2437 pridem
644 2362 676 2419 iu
700 2361 908 2421 scholasticam
937 2362 1157 2421 institutionem
1181 2366 1319 2437 receptae

100 2468 104 2511 t
146 2460 259 2535 regulas
277 2461 374 2537 pauci
393 2464 460 2519 tum
480 2459 607 2518 firmiter
624 2459 768 2518 tenebant
787 2460 918 2535 sciteque
938 2461 1080 2519 adhibere
1100 2460 1250 2519 callebant
1269 2454 1319 2538 (cf.

100 2532 102 2571 Ι
145 2574 179 2617 u.
197 2578 245 2634 gr.
274 2558 430 2634 frigidum
458 2578 545 2617 usum
569 2555 631 2618 cae
654 2556 751 2614 LXIV
778 2551 864 2636 116).
917 2558 1067 2616 interdum
1091 2559 1185 2634 igitur
1213 2577 1320 2634 parum

145 2656 227 2730 mles
251 2668 285 2715 et
312 2656 484 2715 insuetiore
507 2656 613 2715 habItu
632 2658 785 2730 tamquam
806 2656 919 2714 tardati
939 2657 1080 2715 incedunt
1103 2657 1132 2714 in
1157 2658 1212 2715 hac
1235 2661 1320 2731 parte

100 2752 103 2791 ἓ
146 2770 271 2813 autores
293 2754 518 2830 Euphorionis,
540 2753 734 2811 nihilomiuus
753 2753 921 2823 dignissimi
942 2755 1054 2828 hercle,
1074 2755 1182 2829 <pubes
1203 2761 1234 2813 et
1252 2775 1319 2829 gra-

145 2866 191 2909 ’.ιι
205 2852 389 2910 habeantur
404 2854 550 2911 maximae
568 2851 605 2910 ob
621 2849 721 2908 studia
738 2849 889 2909 indefessa
902 2870 998 2927 neque
1015 2852 1050 2908 dc
1066 2853 1180 2910 meritis
1197 2854 1320 2910 summis

144 2950 299 3026 quidquam
322 2950 519 3009 detrahatur:
540 2950 657 3009 facilius
677 2949 772 3007 multo
793 2953 858 3006 erat
873 2951 996 3024 posthac
1011 2949 1146 3026 Vergilio
1169 2955 1199 3008 et
1214 2949 1319 3008 Ouidio

145 3049 317 3123 saeuisque
349 3046 461 3106 addere
490 3050 592 3108 limam
620 3048 757 3106 ultimam
785 3068 874 3121 (lirum
904 3048 964 3106 illis
993 3050 1073 3106 uiam
1098 3050 1213 3123 alserire
1239 3068 1321 3124 prae-

147 3150 250 3204 :rmire
275 3147 424 3206 solidare.
460 3148 510 3206 sed
536 3148 579 3206 sic
603 3148 676 3206 duce
699 3149 765 3204 arte
785 3145 878 3203 uerba
897 3150 1106 3220 componentes
1131 3149 1217 3204 anxie
1242 3147 1320 3205 solli-

146 3260 249 3320 ctequc
280 3243 369 3302 haud
404 3264 498 3320 pauca
526 3245 692 3315 uouebant,
725 3262 802 3318 quae
831 3244 976 3301 mollitiae
1006 3245 1103 3318 speeie
1132 3244 1321 3302 offendebant

146 3342 307 3399 messario
327 3341 499 3417 priscorum
519 3348 690 3401 sectatores.
724 3360 850 3416 quorum
869 3360 955 3400 uerno
976 3361 1019 3399 ex.
1035 3363 1078 3411 ur.
1099 3343 1176 3416 apud
1192 3343 1320 3398 Ennium

148 3454 251 3514 :egerat
277 3441 312 3498 iu
338 3440 441 3500 medio
460 3440 639 3499 narrationis
663 3448 767 3498 tencre
787 3439 874 3513 quale
894 3442 977 3496 extat
997 3440 1060 3497 Cat.
1082 3437 1176 3495 LXIV
1200 3440 1261 3496 ‘289
1279 3456 1321 3512 sq.

150 3542 195 3593 ..a
215 3546 309 3612 pute-r
329 3539 434 3596 clivium
455 3544 555 3597 sanctu
571 3557 635 3596 oum
650 3542 768 3612 contupc
786 3540 918 3608 actisque
936 3538 1062 3603 eitiunt,
1083 3538 1159 3594 caclo
1178 3541 1203 3592 tc
1220 3536 1321 3595 soletur.

149 3634 256 3702 Iuste,
267 3638 455 3708 relinquens:
470 3637 546 3695 tales
561 3637 764 3695 insecutiones
778 3636 981 3710 inexpectatae
992 3628 1059 3715 (noc
1074 3636 1169 3693 solum
1186 3635 1322 3710 deorum3

148 3750 173 3787 r.
190 3734 263 3791 ibid.
281 3735 352 3793 253
373 3738 407 3791 et
424 3732 467 3790 IV
491 3730 553 3813 13),
574 3754 650 3809 quaa
670 3754 740 3792 sane
760 3733 969 3807 descriptionis
989 3733 1215 3792 continuitatem
1235 3753 1322 3808 quam

146 3833 247 3891 rinei
275 3835 348 3888 arte
374 3832 610 3907 interrumpunt,
635 3832 713 3889 inter
735 3833 818 3889 fucos
842 3835 873 3888 ct
897 3831 1060 3888 ferrumine
1089 3833 1146 3889 τῶν
1176 3827 1323 3905 νεωτέρων

162 3930 214 3987 nie
239 3929 403 3987 communi
427 3947 573 3988 consensu
596 3934 718 4004 recepta
741 3934 772 3987 et
790 3948 858 3986 mox
880 3928 975 3985 abusu
1000 3929 1151 3986 interdum
1175 3922 1322 4005 taediosa)

148 4040 212 4087 r-cte
241 4030 394 4086 numerat
424 4024 538 4086 Gellius
562 4027 637 4085 XIII
662 4030 712 4103 ⁶37,
738 4029 766 4087 3.
794 4058 830 4067 -
862 4026 942 4083 aliud
971 4027 1141 4086 corrutionis
1166 4046 1260 4101 genus
1285 4026 1322 4081 ad

100 4126 104 4181 ζ·
147 4144 195 4185 :en
219 4124 462 4206 grammaticam
486 4126 638 4200 pertinens
663 4124 910 4199 contemplemur,
940 4144 974 4182 ex
1004 4125 1097 4182 diuite
1125 4125 1249 4182 necdum
1275 4121 1322 4179 de-

100 4186 107 4283 d
147 4226 196 4283 tte
217 4244 318 4303 opera
346 4224 422 4282 satis
447 4225 602 4299 explorato
626 4231 803 4299 argumento
828 4243 922 4297 pauca
945 4224 1120 4282 delibantes.
1154 4241 1219 4279 eam
1245 4222 1322 4278 enim

149 4326 411 4393 ·.·-1r.'-trueti0nem,
440 4341 530 4396 quam
560 4323 650 4397 uulgo
681 4330 788 4380 uocant
816 4322 1018 4381 accusatiuum
1047 4338 1204 4393 graecum,
1233 4321 1324 4379 intro·

150 4432 286 4481 autemut
315 4420 411 4497 primi
440 4426 578 4479 cantores
603 4420 801 4496 Euphorionis
829 4421 860 4478 in
884 4420 1064 4479 carminibus
1092 4419 1187 4478 doctis
1212 4417 1324 4497 tutinus

189 4538 324 4573 'err-auur·
340 4529 378 4569 ed„
394 4529 520 4571 Baehrens.
551 4528 580 4567 Π,
1094 4524 1110 4567 ⁶2
