2940 4912
589 329 873 387 excussorium.

418 498 494 559 Coto
515 502 738 574 prominentiores,
762 501 875 561 Latino
897 501 996 569 Siren,

418 597 478 673 Qui
500 598 580 656 solas
603 598 669 672 lacit
690 617 725 658 uo
747 601 820 672 feeit
835 604 946 673 poetas.

127 702 281 772 smpsit
295 702 432 771 praeter
448 698 657 770 prommotioos
675 697 782 758 libellos
796 700 882 757 etiam
895 704 1041 772 poemata,
1061 718 1095 758 eo
1113 701 1216 772 quitos
1229 717 1316 772 proe-

127 814 197 870 ειμι
211 797 398 870 probantur
414 795 518 868 Lydia
535 798 561 852 et
575 795 688 854 Dicae.
725 793 761 852 de
780 794 869 853 huius
889 796 998 854 scholis
1016 796 1091 854 nihil
1106 800 1153 855 est
1171 796 1316 854 traditum

128 896 179 953 uisi
196 895 279 969 quod
305 913 349 952 ex
376 891 524 951 uersibus
543 895 610 952 octo
629 894 704 952 miro
724 910 796 951 casu
814 891 933 952 Horatii
956 898 1076 952 saturae
1095 894 1227 952 decimae
1246 895 1316 953 libri

128 994 208 1069 peimi
226 995 259 1051 in
277 991 432 1051 codicum
451 995 539 1066 parte
558 991 699 1068 praefixis
719 990 832 1050 discere
851 991 930 1050 licet.
964 993 1014 1068 qui
1032 1010 1137 1052 uersus
1157 1011 1175 1051 a
1194 990 1315 1051 Catonis

131 1086 194 1151 iura
216 1089 362 1165 Horatii,
395 1090 433 1146 ut
463 1089 556 1164 uulgo
580 1080 702 1167 putent)
726 1089 845 1164 aequali
872 1089 944 1148 facti
968 1089 1088 1166 docent,
1116 1090 1202 1148 illum
1229 1108 1314 1164 prae·

130 1189 229 1265 legisse
252 1188 343 1247 iuter
368 1185 435 1244 alia
460 1184 552 1244 ctiam
571 1186 683 1246 Lucilii
706 1191 838 1258 saturas,
862 1205 936 1261 quas
960 1187 1070 1246 iudea
1094 1186 1191 1246 Vectii
1214 1187 1314 1247 Philo-

131 1289 197 1345 ami
218 1285 372 1360 magistri
399 1279 501 1362 (Suet
524 1283 553 1343 d.
576 1302 622 1359 gr.
645 1278 679 1364 2)
703 1284 861 1359 disciplina
883 1285 985 1360 magni
1008 1285 1094 1344 duxit
1116 1277 1179 1365 (est
1201 1289 1311 1359 autem,

133 1400 160 1441 rr
178 1384 251 1443 milri
275 1383 422 1454 uidetur,
446 1378 495 1438 hic
514 1379 704 1442 Philocomus
723 1376 1002 1458 ‘grammaticorum
1025 1383 1160 1458 equitum
1179 1384 1313 1442 doctissi-

132 1476 208 1549 nns',
226 1483 282 1558 qui
302 1498 442 1556 puerum
457 1476 604 1538 Catonem
623 1480 720 1540 facere
738 1479 837 1539 uoluit
854 1481 1018 1555 priscorum
1037 1483 1193 1555 poctarum
1214 1481 1312 1540 defeu-

134 1598 231 1641 erun.
260 1577 342 1636 fecit
372 1594 408 1633 rc
436 1594 511 1634 uera
533 1595 626 1634 unum
656 1597 692 1636 ex
715 1578 840 1637 ducibus
868 1571 1041 1654 nouorum),
1065 1581 1096 1636 et
1123 1577 1202 1636 inter
1229 1596 1315 1652 prae-

134 1678 284 1752 lqendum
300 1692 421 1733 uersus
435 1673 515 1731 male
530 1673 625 1733 factos
644 1675 851 1733 ostendentem
870 1674 1061 1749 proposuisse
1080 1679 1177 1733 certas
1192 1677 1312 1751 regulas

134 1776 162 1833 sl
186 1775 294 1851 poesin
327 1770 535 1848 pertinentem
564 1790 618 1830 nec
646 1774 725 1831 enirn
753 1773 841 1831 aliter
869 1790 992 1847 possum
1014 1773 1203 1849 intellegere,
1235 1774 1313 1849 quod

134 1878 194 1933 tiro
221 1890 381 1932 uersuum
411 1869 561 1928 malorum
589 1869 826 1928 emendationem
853 1888 960 1944 parare
989 1869 1107 1929 dicitur.
1158 1871 1314 1930 coniuncta

134 1988 220 2031 man
257 1967 543 2048 grammaticorum
581 1969 642 2026 taur
675 1967 858 2027 Graecorum
891 1986 981 2043 quani
1014 1967 1190 2027 Latinorum
1223 1988 1314 2044 opera

135 2069 260 2127 ἀπίω
285 2070 342 2127 est
365 2064 533 2141 paulatim,
556 2068 591 2123 ut
613 2069 695 2124 certa
719 2065 862 2124 existeret
884 2065 1053 2124 studiorum
1076 2066 1163 2141 ratio,
1187 2086 1312 2141 quorum

137 2167 272 2225 communi
296 2163 405 2224 cultui
428 2164 492 2221 fere
521 2162 589 2221 iude
612 2163 651 2222 ab
674 2182 752 2222 auno
778 2165 819 2222 70
842 2163 987 2238 plurimos
1011 2162 1147 2222 uidemus
1171 2162 1313 2223 addictos.

137 2278 266 2339 anteque
300 2263 423 2339 plausu
457 2264 528 2319 sunt
560 2260 687 2337 accepti,
714 2265 750 2320 ut
778 2254 904 2320 ‘nouos'
932 2263 986 2320 hos
1014 2265 1118 2336 poetas
1151 2281 1219 2321 mox
1246 2280 1314 2320 cunr

138 2368 301 2438 sumptu
327 2357 465 2436 quodam
489 2359 679 2435 exagitarent
696 2360 862 2435 priscorum
885 2359 1103 2434 praecipueque
1121 2359 1210 2417 Ennii
1234 2378 1313 2417 ama-

138 2476 208 2521 wca
253 2464 340 2520 uota
364 2461 440 2516 suut
463 2456 636 2516 testimonia
658 2455 809 2517 Ciceronis
833 2457 921 2516 Tusa.
945 2456 991 2514 Ill
1018 2459 1068 2528 19,
1092 2459 1133 2516 45
1162 2462 1314 2530 opoetom

140 2566 264 2633 mopiam
290 2546 479 2638 (Ennium)!
512 2574 685 2629 mamae-m
709 2557 745 2614 ab
772 2555 818 2613 liis
840 2556 1007 2614 cantoribus
1029 2553 1227 2627 Euphorionis
1250 2572 1313 2612 eea-

142 2665 266 2723 m'tar,
291 2656 338 2714 ad
363 2656 432 2712 Att.
457 2651 517 2710 VII
543 2655 571 2724 2,
596 2658 611 2712 1
637 2657 680 2713 ito
703 2654 772 2712 bello
793 2654 876 2711 notis
1151 2655 1152 2658 ’

380 2754 468 2823 (locat
492 2752 528 2808 ab
552 2751 646 2825 Epiro
671 2753 833 2810 lenissimos
858 2749 1056 2809 Onchesmites

143 2870 197 2910 aa:
218 2843 466 2920 σπονδειάζοντα
489 2852 561 2907 sicui
583 2850 662 2907 rnoles
684 2851 742 2908 τῶν
767 2845 915 2927 νεωτέρων
932 2867 990 2921 pro
1015 2855 1062 2906 tiro
1080 2851 1205 2916 recedito,
1229 2850 1313 2909 deni-

149 2971 184 3023 pe
204 2972 246 3010 er.
272 2954 331 3023 49,
360 2950 424 3006 161
455 2950 525 3019 coin
553 2950 650 3014 etiam,
679 2949 754 3020 (μεθῶ
782 2951 842 3006 iam
868 2948 1063 3004 sistro-sticum
1089 2949 1219 3016 uidetur,
1243 2950 1312 3007 olim

144 3066 218 3105 arem
232 3050 379 3123 politius,
401 3063 501 3103 eoric-oi
515 3046 679 3110 crateritis,
698 3064 820 3118 quorsom-
835 3046 948 3103 eaedem
963 3050 1045 3102 erant
1059 3050 1224 3117 postremos
1238 3049 1313 3105 (lirae

143 3160 243 3211 serat,
270 3162 351 3217 pieac
375 3148 445 3201 sient
470 3145 498 3199 in
518 3135 683 3215 optamus,
702 3149 881 3216 postremam
900 3144 1024 3200 litteram
1042 3144 1235 3209 detrahebant,
1254 3147 1313 3203 nisi

146 3248 235 3303 neris
258 3244 485 3315 immittatur:
507 3245 549 3300 ito
572 3259 629 3298 oon
648 3247 711 3300 crat
730 3259 763 3299 eo
782 3243 900 3313 offe-risio
919 3244 950 3298 in
968 3243 1109 3308 ‘ioersitasu
1129 3260 1217 3313 quom
1234 3261 1312 3301 errrore

146 3352 241 3405 armat
267 3347 378 3416 portae
407 3341 484 3395 troni.
530 3338 582 3397 sed
606 3344 765 3414 antequam
794 3358 853 3414 qua
875 3340 907 3396 in
930 3358 962 3396 re
990 3339 1036 3396 illi
1065 3340 1135 3396 noui
1158 3340 1313 3397 extiterint

144 3444 333 3515 amaremus,
350 3435 516 3495 uidendum
531 3441 577 3495 est
595 3437 715 3511 quinam
731 3438 845 3495 fuerint
864 3438 929 3512 ipsi.
963 3437 1097 3495 sodalicii
1117 3437 1181 3494 iure
1196 3438 1311 3495 iunctos

150 3556 232 3613 aram
257 3544 316 3597 ant
341 3535 455 3593 amicos
479 3538 533 3590 aut
555 3553 590 3591 ex
614 3535 717 3593 eadem
742 3536 843 3594 schola
861 3536 1010 3610 profectos
1032 3536 1166 3593 uidemus
1186 3535 1310 3593 Furium

145 3636 311 3696 tusculum
333 3633 468 3691 omnium
487 3635 560 3690 natu
579 3633 740 3691 maximum
760 3653 827 3692 cum
843 3628 1001 3713 Catone*)‚
1022 3653 1088 3692 cum
1108 3634 1162 3692 hoc
1178 3633 1312 3692 Ticidam

144 3748 163 3787 a
182 3740 211 3791 ¹5.
231 3732 386 3791 Heluium
411 3728 536 3787 Cinnam
561 3725 655 3809 (Suet.
680 3731 708 3790 d.
727 3749 850 3806 gramm.
873 3726 942 3810 11);
967 3730 1080 3790 Cinnae
1099 3751 1204 3791 rursus
1229 3733 1312 3791 soda-

144 3852 186 3889 ,τι
208 3832 308 3890 tuisse
335 3829 449 3887 scimus
475 3827 634 3900 Catullum,
658 3830 747 3888 huius
772 3828 911 3904 Caluum3
935 3837 965 3888 et
988 3830 1030 3888 sic
1053 3831 1140 3889 facile
1164 3830 1311 3889 credimus

143 3948 288 4006 reumque
319 3925 415 3985 simul
438 3925 605 3985 nominatos
630 3946 694 3986 esse
719 3928 756 3985 ab
780 3926 899 3999 Ouidio,
924 3929 975 4003 qui
1003 3932 1071 4001 post
1095 3927 1206 3987 Catulli
1230 3949 1310 3986 meu-

142 4042 234 4086 ·.·-rem
262 4032 376 4101 postea
400 4023 609 4098 proferendam
634 4026 674 4083 sic
698 4027 797 4100 pergit
821 4026 899 4083 trist.
923 4027 952 4082 ll
977 4028 1053 4083 431:

291 4137 348 4145 ...ι-

195 4196 216 4256 2
240 4188 324 4241 Suet
348 4183 375 4237 d.
396 4200 515 4252 gramm.
537 4191 568 4237 11
589 4185 680 4240 adfert
698 4185 827 4240 Bibaculi
851 4187 885 4240 de
905 4187 1009 4241 Catone
1035 4186 1188 4240 uersiculos
1208 4186 1247 4238 sic
1267 4184 1308 4238 iu·

143 4272 260 4335 :pentes
286 4266 369 4337 moui
391 4264 464 4330 sorte
486 4266 538 4318 orei
560 4265 669 4318 decrerim
688 4267 808 4320 Catonis.
847 4269 900 4321 hoc
921 4267 1030 4319 ‘meus'
1053 4266 1097 4319 ucl
1118 4266 1242 4318 ‘noster'
1265 4267 1310 4319 uel

140 4352 208 4403 'nam
229 4347 359 4403 sodalis
382 4346 491 4398 certum
511 4348 553 4397 cst
572 4343 719 4413 iudicium,
739 4347 779 4400 ita
799 4347 847 4415 qui
866 4365 895 4401 se
913 4348 1058 4416 appellent
1076 4346 1209 4411 inuicem¹
1229 4343 1309 4398 nouis

138 4437 209 4493 srva.
228 4449 295 4486 ease
315 4423 558 4482 adnumerandos.
