2940 4912
179 301 247 367 590
689 298 724 356 01
742 307 837 356 7-10.

181 462 259 517 ‘heu’
276 479 340 516 cum
353 459 530 516 nominatius
546 461 653 515 ‘miser’
670 462 804 531 iungatur
816 460 888 516 nibil
903 462 1011 529 obstat3
1031 463 1060 517 et
1073 464 1140 532 apte
1155 463 1242 533 poeta
1254 461 1359 520 iterum

179 552 225 620 (ci.
244 570 270 606 u.
291 555 318 620 2)
340 551 456 605 fratrem
481 554 565 606 uocat
588 551 735 619 miserum,
758 550 793 604 de
817 569 847 605 se
870 552 930 620 ipso
956 567 1064 620 suaque
1087 549 1198 607 iactura
1220 553 1276 608 iam
1302 570 1360 608 non

178 641 237 695 tam
260 641 359 695 acerbe
379 639 430 709 (‘ei
448 639 551 694 misero
570 639 667 710 mihi’)
686 657 770 708 quarn
789 642 874 694 antes
893 639 992 694 dolens
1011 641 1110 710 utpote
1129 644 1258 711 tempore
1277 643 1358 698 seda·

178 729 279 784 tiorem
304 729 528 799 quietioremque
551 727 678 783 animum
702 744 811 798 gerens.
849 727 964 783 Ellisius
988 729 1358 802 cp.01L.11422paren-

178 819 253 874 tibae
270 819 460 888 praesidium,
484 819 581 873 amicis
603 819 738 887 paediam
761 819 886 887 pollicita
903 819 985 887 paeri
1002 820 1096 874 uirtus
1112 821 1228 891 iude’pue
1245 822 1358 877 occidit:

179 907 294 979 indigne
317 909 435 963 moritur
460 908 509 976 qui
532 907 660 978 longiore
683 908 745 962 uita
767 908 868 976 dignus
891 909 994 964 acerba
1017 912 1047 964 et
1070 911 1251 978 praemature
1268 912 1359 965 morte

179 999 221 1052 est
247 997 352 1067 raptus.
376 1029 410 1037 -
436 998 469 1068 7,
498 996 527 1051 8.
556 1011 636 1052 nunc
661 999 762 1052 tamen
786 997 1017 1069 intercutem,
1046 998 1150 1067 prisco
1174 1013 1252 1068 quse
1275 1012 1359 1054 more

179 1087 339 1156 parentum
358 1085 474 1140 tradita
488 1086 560 1141 sunt
574 1085 661 1140 trlstl
676 1099 801 1140 munere
815 1085 852 1140 ad
868 1085 1007 1142 lnierlas.
1045 1104 1163 1158 magnas
1177 1086 1360 1142 difficultates

180 1178 276 1230 mouet
292 1175 431 1229 ‘interea’.
463 1191 518 1242 qna
532 1191 600 1228 uoce
615 1173 747 1243 quoniam
764 1172 939 1243 significatur
953 1174 982 1229 id
998 1175 1073 1244 quod
1089 1194 1139 1231 usu
1153 1176 1232 1230 uenit
1244 1176 1358 1231 interim

181 1265 269 1320 donec
283 1262 341 1318 alis
354 1281 398 1318 rcs
413 1265 472 1330 fiat,
488 1264 637 1318 obscurum
652 1266 696 1318 est
710 1280 765 1332 quo
780 1280 813 1318 ea
827 1266 937 1334 spectet
950 1264 1004 1332 bic,
1019 1263 1068 1318 ubi
1082 1265 1139 1319 alia
1153 1283 1196 1320 res
1210 1268 1361 1335 expectata

181 1354 262 1408 adest
281 1352 367 1407 nulla.
404 1369 469 1405 nam
489 1354 596 1407 certum
615 1368 675 1407 esse
694 1351 777 1406 illum
795 1371 877 1422 quern
899 1353 957 1407 dixi
975 1353 1053 1407 uocis
1072 1371 1154 1408 usum
1173 1353 1292 1424 fallique
1311 1372 1359 1410 cos

180 1441 228 1510 qui
247 1440 423 1496 aduersatiue
439 1458 502 1496 sam
516 1440 682 1511 simpliciter
699 1442 817 1496 ‘minen'
834 1441 880 1495 hic
894 1440 953 1496 illic
968 1441 1062 1497 ualere
1077 1445 1187 1511 putant,
1206 1443 1359 1498 attentiore

181 1548 244 1585 cum
263 1547 330 1585 cura
348 1529 477 1600 exempla
495 1530 609 1585 rimanti
622 1531 706 1586 focile
720 1534 845 1600 apparet.
884 1530 937 1585 luit
955 1532 1025 1586 haec
1045 1548 1129 1586 causa
1147 1549 1196 1586 cur
1215 1531 1360 1587 l'llaasius

180 1621 245 1689 post
269 1619 400 1675 carminis
424 1620 513 1675 nostu
536 1639 563 1675 u.
587 1626 603 1675 6
622 1620 708 1675 inseri
727 1619 816 1675 uellet
832 1619 906 1673 LXV
925 1626 1013 1675 9-14
1033 1621 1079 1689 (ci.
1100 1620 1263 1676 Schwsbius
1283 1640 1310 1691 q.
1330 1622 1359 1676 C.

179 1727 207 1778 p.
227 1715 278 1764 272
305 1713 385 1779 sqq).
422 1726 519 1764 uerum
544 1710 669 1765 dolorem
693 1708 761 1764 olim
785 1709 957 1764 saeuientem
981 1709 1116 1778 temporis
1138 1709 1213 1764 iuter
1235 1710 1361 1765 carmina

179 1797 354 1854 Veronensis
371 1801 401 1854 et
418 1799 543 1854 nostrum
563 1798 761 1854 intercedentis
775 1797 985 1868 longinquitate
1001 1799 1057 1853 iam
1073 1798 1203 1855 sedatum
1220 1800 1359 1868 quietum·

180 1906 234 1958 que
253 1906 365 1944 carmen
384 1891 510 1943 nostrum
529 1888 559 1942 in
577 1887 679 1943 ceteris
698 1886 803 1957 ubique
822 1905 890 1958 prce
909 1906 938 1943 se
953 1888 1017 1956 lert,
1036 1892 1069 1944 nt
1081 1888 1160 1943 nullo
1174 1890 1258 1958 pacto
1272 1889 1360 1944 liceat

181 1979 207 2033 ei
229 1977 406 2048 interponere
430 1995 527 2034 uersus
550 1979 699 2034 nonnullos
723 1976 848 2032 animum
874 1977 1001 2033 funditus
1024 1980 1184 2034 conmotum
1209 1977 1357 2047 spirantes.

181 2083 232 2121 nec
250 2085 268 2122 a
281 2066 390 2121 ratione
405 2067 589 2137 diplomatica
603 2067 692 2122 ullam
706 2065 836 2123 traiectio
851 2065 903 2121 illa
915 2066 1003 2120 habet
1016 2065 1256 2136 probabilitatem.
1290 2067 1359 2136 qnid

181 2164 266 2226 ergo?
295 2173 368 2210 noua
381 2156 512 2211 nimirum
526 2157 575 2210 uia
589 2159 633 2212 est
646 2156 837 2225 ingredienda
869 2156 979 2225 ‘nunc’,
993 2156 1154 2225 oppositum
1168 2156 1360 2225 illi‘adueni‘,

181 2262 359 2316 progressum
383 2247 522 2313 quendam
546 2245 690 2316 designat,
714 2261 770 2315 quo
794 2245 831 2300 ad
850 2261 884 2300 ea
901 2243 1051 2312 transitur,
1075 2262 1147 2314 quae
1165 2245 1276 2315 agenda
1295 2249 1362 2300 eunt

181 2335 339 2406 proposita,
362 2336 395 2389 nt
413 2334 529 2389 XXXVI
550 2342 595 2402 1¹3
622 2337 651 2389 et
677 2334 794 2390 ‘mmsis’
815 2333 931 2404 respicit
948 2334 985 2387 ad
1005 2334 1230 2404 ‘nequicquam’z
1254 2335 1278 2389 si
1298 2352 1362 2390 mea

181 2424 361 2480 adlocutione
388 2424 442 2478 frui
470 2441 525 2478 non
553 2425 648 2493 potes,
677 2427 708 2479 at
733 2423 828 2478 saltim
854 2423 934 2478 donis
957 2423 1001 2477 his
1024 2425 1174 2493 postremis
1197 2423 1290 2478 fruere
1313 2422 1360 2491 (ci.

180 2514 299 2584 interpp.
318 2514 354 2568 ad
373 2514 456 2583 Verg.
477 2515 545 2566 Aen.
566 2514 604 2566 IV
623 2519 685 2581 329,
704 2512 756 2567 ecl.
777 2519 819 2582 10,
838 2514 893 2582 31).
931 2512 989 2566 iam
1003 2515 1069 2581 post
1084 2512 1203 2568 ‘tamem
1219 2513 1361 2583 posuerim

182 2619 292 2657 comma
311 2603 351 2656 sic
369 2618 488 2672 pergens
509 2602 628 2656 ‘interea
647 2618 679 2655 ec
697 2603 790 2671 prisco
810 2602 902 2670 quae'.
941 2616 1052 2670 semper
1070 2601 1128 2656 iere
1147 2602 1239 2656 forma
1259 2602 1314 2656 ‘ec’
1332 2601 1361 2655 in

183 2691 327 2746 codicibus
352 2694 400 2744 out
424 2691 452 2743 in
477 2692 528 2744 ‘et’
554 2692 655 2745 autin
681 2691 775 2746 ‘haec'
800 2690 872 2745 abiit
896 2689 1037 2760 (vauu
1055 2692 1098 2758 2);
1122 2690 1278 2760 diciturme
1301 2693 1361 2745 tam

181 2781 251 2835 benc
278 2781 303 2833 ‘e
330 2783 386 2849 (er)
416 2781 505 2833 morc’
539 2797 626 2848 qnam
654 2780 753 2835 ‘more'
784 2781 861 2849 (Hor.
889 2782 940 2835 sat.
965 2779 990 2832 ll
1016 2785 1041 2847 3,
1066 2783 1143 2846 280);
1170 2798 1243 2835 nunc
1266 2783 1360 2834 antem

184 2869 312 2924 ‘interea’
335 2870 423 2923 ualet:
443 2869 516 2924 inter
535 2869 687 2923 aduemnm
708 2887 800 2924 meum
820 2872 850 2923 et
868 2871 942 2923 hunc
963 2885 1017 2937 qno
1032 2868 1147 2922 titulum
1161 2868 1216 2923 tibi
1230 2885 1361 2925 consecro

183 2959 212 3011 et
234 2957 387 3014 nouissima
408 2959 496 3012 uerba
519 2959 583 3012 dico
607 2959 689 3023 diem.
727 2961 770 3026 at,
797 2959 920 3028 inquies,
944 2958 1041 3012 obstat
1063 2957 1142 3012 locus
1167 2957 1238 3012 Ciris
1257 2965 1291 3013 42
1315 2960 1362 3013 sed

182 3049 312 3116 quostiam
331 3048 368 3101 ad
387 3053 480 3101 mutus
498 3065 573 3100 pauc
589 3049 710 3116 primum
728 3049 870 3102 necamur
888 3054 982 3102 ortu.
1002 3088 1008 3101 .
1030 3091 1036 3103 .
1056 3048 1121 3100 baec
1139 3052 1229 3102 tamen
1247 3049 1362 3115 interea,

182 3154 252 3205 quoe
272 3152 431 3205 possumus,
451 3178 457 3189 .
478 3179 483 3189 .
505 3179 510 3189 .
531 3139 623 3204 accipe
641 3139 715 3191 derra
733 3139 923 3192 momeliam
942 3138 1062 3206 uipiluta
1081 3137 1181 3190 labore.
1219 3153 1273 3207 ego
1293 3154 1361 3192 nero

184 3225 241 3278 iarn
266 3224 400 3294 intellego
425 3228 524 3292 tuque,
549 3226 637 3277 lector
656 3228 750 3289 acute,
774 3225 903 3279 lubenter
920 3225 991 3278 mihi
1011 3224 1160 3291 concedes,
1184 3225 1230 3278 hic
1249 3240 1361 3294 quoque

182 3315 271 3368 multo
290 3313 391 3367 melius
410 3316 474 3382 post
493 3313 610 3366 ‘tamen’
632 3313 804 3383 interpungi3
824 3332 880 3382 quo
895 3314 992 3383 agnito
1006 3315 1066 3368 eine
1081 3314 1196 3383 negotio
1210 3315 1242 3369 lit
1255 3292 1360 3384 pisiam,

183 3402 254 3456 Ciris
269 3405 412 3457 auctorem
426 3404 520 3456 cetera
534 3400 718 3455 inmutauisee
732 3419 782 3469 pro
798 3420 848 3457 suo
863 3402 980 3457 consilio
995 3419 1086 3472 neque
1102 3403 1196 3458 ‘haec’
1212 3403 1241 3457 in
1256 3401 1361 3457 Catulli

182 3493 261 3545 textu
285 3492 426 3545 inuenisse
451 3490 616 3546 necessario.
654 3489 707 3542 nisi
732 3490 804 3543 sorte
829 3491 982 3545 secundum
1001 3491 1077 3545 Cirin
1099 3493 1129 3546 iu
1154 3492 1259 3546 Catulli
1281 3493 1361 3546 textu

185 3580 276 3634 ‘hacc’
308 3583 336 3634 in
364 3580 475 3635 initium
505 3579 575 3634 uelis
602 3578 707 3634 reicere
731 3582 918 3634 correcturum
942 3581 1019 3635 illius
1044 3582 1139 3635 ‘nunc’
1165 3581 1237 3635 falso
1260 3580 1359 3651 scripti

184 3671 288 3725 dicens.
326 3671 456 3724 instituta
474 3673 568 3724 autem
588 3669 725 3722 maiorum
745 3671 777 3721 ut
794 3669 822 3722 in
841 3672 903 3724 tota
923 3670 1111 3725 Romanorum
1130 3669 1203 3738 uita,
1223 3670 1265 3724 ita
1283 3674 1312 3723 ct
1330 3670 1359 3724 in

183 3760 265 3814 rebus
293 3760 329 3814 ad
357 3761 530 3829 sepulturam
559 3757 764 3828 pertinentibus
793 3759 875 3812 auxie
904 3759 1067 3826 obseruats;
1097 3763 1165 3815 Aen.
1190 3760 1226 3812 Vl
1254 3765 1306 3812 223
1334 3765 1360 3812 et

184 3849 330 3903 subiectam
353 3866 425 3904 neore
444 3854 592 3917 pareutum
619 3849 711 3902 aeusi
730 3853 837 3902 tersum
854 3851 947 3915 sacena
987 3866 1050 3903 cum
1070 3849 1123 3903 hoc
1141 3852 1236 3903 autem
1256 3847 1356 3900 ‘more'

185 3956 240 3993 non
259 3936 347 3992 artius
367 3939 499 3991 cohaeret
520 3936 662 4003 ‘tradita'‚
687 3939 718 3989 ut
736 3937 821 4005 uulgo
840 3940 942 4007 putant
960 3937 1091 4007 (Vulpius
1111 3957 1153 4008 cp.
1173 3936 1232 3991 Tib.
1252 3936 1276 3990 ll
1298 3943 1322 4001 1,
1341 3942 1357 3988 2

184 4030 256 4082 ritae
273 4034 304 4082 at
323 4046 340 4081 a
356 4029 449 4095 prisco
468 4027 588 4080 traditus
607 4031 681 4079 estut
696 4028 773 4093 secl:
792 4043 843 4079 nec
859 4026 886 4079 in
902 4027 975 4081 hanc
990 4027 1223 4096 significationem
1239 4025 1360 4094 quadrat

186 4116 233 4171 ‘ad
252 4116 378 4171 interias’
400 4117 540 4185 (expectes
561 4115 601 4167 ‘in
620 4114 752 4182 inferiis‘)
772 4119 801 4168 et
818 4131 932 4171 necesse
951 4118 994 4171 est
1008 4133 1091 4186 porro
1105 4132 1167 4168 cnm
1182 4114 1261 4168 Italis
1274 4114 1358 4167 corri-

185 4210 267 4275 gatur
291 4206 395 4260 ‘tristes
415 4204 541 4258 muncra’
568 4207 750 4272 (quamquam
775 4204 891 4260 ‘tristes’
917 4206 952 4260 ob
976 4207 1097 4275 priorem
1121 4217 1233 4258 cansam
1253 4199 1358 4257 falsum

185 4299 247 4362 est).
284 4313 337 4364 ego
356 4294 497 4348 Catullum
517 4293 562 4346 hic
580 4295 724 4361 tamquam
745 4310 778 4346 cx
797 4294 932 4349 mandatu
951 4293 1075 4348 familiae
1089 4309 1172 4362 agere
1186 4291 1358 4355 recordatus.

186 4402 249 4438 cum
274 4384 407 4439 ‘tradere'
434 4385 549 4439 uerbum
571 4380 698 4452 proxime
717 4382 835 4437 accedat
852 4384 887 4437 ad
906 4384 936 4438 id
954 4381 1029 4451 quod
1048 4382 1092 4434 est
1111 4379 1215 4446 ‘darc’,
1238 4380 1358 4449 suppleo
