2940 4912
217 301 280 367 166
708 298 799 355 XXIV
819 305 897 355 1-6.

216 464 314 521 90100
333 463 449 519 beatus·
486 462 527 518 sic
545 477 611 517 uere
630 462 695 517 Itali
718 478 769 531 pro
787 461 894 516 tradito
914 459 1027 529 ‘satis',
1045 458 1075 514 10
1098 460 1173 530 quod
1197 459 1310 530 saepius
1330 459 1393 515 ‘sat

217 556 263 609 es’
285 553 363 610 abiit.
400 569 457 607 non
475 553 571 622 potest
588 550 660 607 illud
680 551 742 605 ‘es'
764 550 875 618 docerer
893 567 945 605 nec
962 550 1066 606 melius
1083 550 1258 605 Passeratius
1278 550 1336 605 ‘sat
1352 550 1390 605 ia’

216 643 264 712 (ab
287 640 372 697 eundi
394 641 493 712 uerbo)
515 641 618 707 uoluit3
645 640 695 696 sed
720 640 796 697 credi
821 656 911 710 paene
935 639 1046 709 nequit,
1070 639 1155 695 fnisse
1181 640 1211 694 et
1233 637 1283 708 qni
1307 639 1393 695 ‘satis

216 731 341 788 beatn's’
367 747 444 785 more
468 728 600 785 Plautino
624 731 730 786 dictum
756 730 944 786 attribuerent
966 728 1078 786 Catullo
1104 747 1122 784 a
1146 727 1252 784 talibus
1277 729 1394 785 omuino

216 821 309 876 alieno
333 822 362 874 et
385 818 433 889 qui
456 819 508 873 has
531 837 621 889 nugas
644 819 812 890 acciperent
854 819 919 876 Hor.
945 819 990 876 od.
1013 818 1041 872 ΙΙ
1065 826 1111 887 18,
1131 824 1165 872 ia
1188 836 1237 874 nec
1255 825 1395 889 potentem

217 913 335 967 amicum
358 911 482 980 turpiora
503 910 612 979 (tacito,
634 911 704 963 eatis
727 910 822 964 beatas
843 911 936 964 001010
958 909 1085 974 sabinia
1111 910 1194 979 Apul.
1213 912 1279 963 met
1298 907 1338 963 1v
1360 916 1393 963 11

217 1006 261 1056 sat
282 1002 383 1055 tectae.
412 998 459 1053 hic
474 999 596 1053 ‘beatus’
614 997 661 1067 (cf.
677 1000 707 1053 et
721 998 746 1052 X
761 999 805 1066 11)
825 1015 858 1053 ex
877 997 1030 1053 commodis
1048 996 1141 1053 beatis
1159 1015 1244 1067 supra
1258 999 1394 1068 expositis

217 1089 386 1160 explicatur,
410 1089 507 1156 eatque
531 1088 584 1142 hoc
605 1088 640 1144 ‘a
661 1104 684 1142 e.
704 1088 743 1143 b.’
770 1104 836 1143 sane
860 1104 944 1157 quem
968 1089 1094 1156 acutum,
1117 1087 1231 1156 egregie
1253 1103 1396 1142 summam

217 1178 323 1234 iaciens
342 1177 430 1232 totius
445 1176 585 1233 carminis.
600 1206 634 1217 -
654 1194 687 1231 ex
707 1177 761 1231 hoo
775 1177 843 1244 fine,
861 1177 890 1231 in
906 1193 961 1246 qno
976 1174 1060 1231 Furio
1074 1175 1185 1245 saepius
1199 1175 1256 1230 iam
1270 1175 1395 1247 petitum

218 1269 385 1337 denegatur,
404 1266 580 1337 intellegitur
598 1266 747 1322 consilinm
761 1266 904 1334 carminis,
924 1267 999 1336 quod
1014 1265 1210 1336 scriptumest
1225 1265 1312 1336 paulo
1331 1268 1397 1336 post

218 1374 241 1412 c.
252 1356 356 1412 XXVI:
370 1356 483 1427 repulsa
495 1356 553 1410 iam
567 1356 654 1409 semel
669 1356 729 1410 late
743 1353 842 1410 Furius
856 1373 912 1411 non
926 1355 1012 1410 desiit
1024 1358 1136 1411 centum
1151 1354 1282 1410 sestertia
1294 1357 1397 1410 mutua

219 1449 330 1518 petere,
348 1462 399 1516 per
417 1444 527 1500 litteras
546 1446 590 1514 (ut
607 1444 731 1512 uidetur)
751 1445 860 1500 iactans
883 1462 976 1499 rerum
995 1463 1107 1500 suarum
1125 1445 1154 1499 in
1172 1443 1267 1515 patria
1285 1443 1396 1514 (Pisan-

219 1535 295 1591 rensi
320 1535 451 1603 sortasse)
474 1535 579 1589 statum
603 1535 718 1589 beatum
742 1536 771 1589 et
793 1535 925 1604 parentes
947 1535 989 1590 ibi
1011 1535 1087 1590 laute
1111 1534 1398 1612 largeque-uiuentes

220 1624 392 1692 similiaque,
411 1622 512 1692 qnibns
531 1625 646 1692 poetae,
665 1640 762 1679 securo
781 1623 929 1694 pecuniam
955 1640 1035 1694 posse
1060 1624 1147 1692 credi,
1172 1624 1398 1694 persuaderetur.

219 1714 269 1770 sed
287 1713 416 1768 fallaciae
434 1711 557 1766 bominis
577 1711 698 1767 mendici
722 1711 892 1780 molestique
915 1713 986 1768 bene
1005 1713 1178 1783 perspiciens
1202 1717 1231 1768 et
1248 1715 1398 1783 praeterea

220 1804 333 1874 propria
351 1801 381 1856 in
400 1801 542 1857 aemulum
560 1800 671 1856 felicem
695 1800 738 1856 ira
762 1801 896 1856 incitatus
915 1797 1044 1857 Catullus
1063 1803 1089 1857 ei
1108 1802 1255 1873 respondit
1273 1801 1399 1857 carmine

219 1897 330 1959 nostro,
353 1891 429 1961 quod
452 1892 488 1947 ab
513 1891 667 1947 acerbitate
690 1908 725 1946 ex
748 1893 914 1962 contemptu
940 1892 1062 1960 odioque
1085 1891 1174 1947 mixta
1196 1908 1288 1962 panca
1310 1891 1401 1948 habet

220 1982 325 2038 similia
343 1998 399 2036 non
418 1981 507 2036 solum
528 1980 603 2050 apud
622 1983 761 2049 nostrum,
781 1980 830 2035 sed
845 1980 875 2034 in
888 1982 951 2036 tota
965 1981 1134 2036 Graecorum
1148 1979 1399 2052 Romanorumque

220 2070 307 2143 poesi.
345 2087 435 2140 neque
458 2072 519 2125 tam
542 2070 645 2125 acerba
667 2070 742 2140 apud
765 2069 904 2124 Lucilium
927 2071 1045 2125 inuenta
1068 2086 1129 2125 esse
1153 2071 1244 2126 credo.
1281 2069 1399 2127 Furium

219 2161 366 2232 repetiisse
385 2176 483 2230 preces
502 2176 579 2227 suas,
597 2174 697 2228 parum
716 2175 782 2214 sane
801 2161 845 2214 est
862 2159 1018 2229 probabile.

744 2314 867 2371 mv,

293 2430 322 2485 l.
347 2428 370 2485 0
395 2427 448 2496 qul
472 2429 671 2485 torculares
691 2428 913 2484 quentiorum.
951 2428 1034 2482 ‘flos’
1055 2428 1101 2499 (cf.
1120 2423 1226 2497 ἄνθος,
1244 2425 1347 2500 ἄωτος)
1365 2432 1401 2486 01

222 2518 292 2574 alibi
310 2518 345 2573 de
364 2516 472 2587 optimo
496 2517 597 2586 (Plant.
617 2515 678 2572 Cas.
697 2515 769 2586 prol.
791 2523 823 2570 13
842 2519 892 2584 stoc
906 2523 1066 2585 poetaram,
1090 2517 1159 2572 Eun.
1179 2534 1204 2572 a.
1223 2521 1276 2572 009
1296 2517 1329 2574 V.
1348 2521 1401 2588 tice

221 2609 358 2663 delibatae
372 2609 493 2677 popule),
512 2607 553 2662 ita
571 2607 617 2661 hic
636 2606 671 2661 de
690 2605 877 2676 pulcherrimo
897 2605 1013 2676 dicitnr,
1031 2609 1064 2662 ut
1081 2605 1169 2660 LXllI
1184 2612 1219 2661 04
1237 2609 1267 2661 01
1285 2604 1305 2660 0
1320 2613 1350 2675 23
1371 2612 1401 2663 et

222 2699 348 2751 tenerum
376 2696 594 2766 pulcritudinem
624 2695 756 2766 exprimit
786 2695 998 2750 deminutiuum.
1042 2696 1076 2751 de
1102 2695 1293 2751 quentiorum
1314 2700 1401 2767 gente

222 2804 255 2842 er
274 2786 395 2841 Tusculo
419 2785 538 2840 oriunda
561 2784 596 2840 01.
615 2785 714 2854 Pauly,
735 2785 878 2855 eucyolop.
897 2785 964 2840 real.
985 2786 1023 2840 IV
1041 2805 1068 2856 p.
1089 2791 1141 2842 099
1156 2804 1230 2855 eqq.;
1255 2785 1305 2841 nbi
1324 2787 1401 2857 qnod

190 2926 192 2932 ,
223 2893 249 2944 p.
266 2881 317 2929 699
342 2875 589 2941 commemoratur,
612 2872 643 2925 in
662 2871 789 2928 Veronae
812 2890 923 2942 qnoque
946 2874 1051 2929 uicinia
1073 2874 1183 2945 lapides
1207 2872 1400 2932 quentiorum

222 2980 324 3018 nomen
339 2963 513 3018 continentes
528 2979 588 3017 esee
602 2963 730 3017 inuentos
745 2962 821 3030 (CIL.
837 2962 893 3020 nol.
910 2962 935 3017 V
949 2964 1095 3034 complura
1112 2963 1232 3033 praebet
1248 2966 1400 3035 exempla),

224 3052 321 3108 dubito
344 3069 410 3107 num
435 3052 464 3106 in
487 3070 567 3106 nsum
591 3068 691 3106 nocane
715 3051 812 3119 liccat;
837 3056 912 3107 certe
931 3053 1051 3108 Romam
1073 3052 1160 3108 fuisse
1179 3053 1261 3108 huius
1284 3055 1400 3123 quidem

224 3142 327 3197 amoris
351 3158 481 3196 scaenam
505 3141 562 3195 iam
585 3157 670 3210 supra
687 3158 714 3210 p.
730 3147 764 3195 38
783 3141 887 3196 monui.
907 3173 940 3182 -
959 3142 978 3197 2
997 3145 1027 3196 et
1044 3142 1078 3197 ar
1103 3142 1138 3197 cs.
1158 3141 1251 3196 me
1271 3147 1301 3198 et
1319 3150 1345 3200 9.
1364 3174 1400 3186 -

224 3234 253 3286 4.
277 3230 397 3285 mollem
421 3229 547 3285 dlultlas
571 3229 669 3284 llldae
693 3229 838 3285 dedisses.
881 3232 953 3285 hanc
978 3231 1115 3301 optimam
1138 3231 1245 3287 IVossii
1268 3233 1399 3288 emenda

223 3322 328 3376 tionem
354 3320 438 3390 plane
465 3319 642 3374 confirmauit
666 3319 737 3375 liber
763 3320 885 3389 optimus
909 3319 941 3376 0.
983 3322 1018 3376 de
1044 3320 1150 3389 Midae,
1175 3321 1297 3376 fabulosi
1321 3320 1401 3377 illius

223 3410 361 3480 Phrygiae
381 3409 455 3480 regis
479 3408 607 3478 (Prelleri
626 3409 713 3478 myth.
733 3428 773 3480 gr.
796 3410 806 3462 1
829 3429 856 3479 p.
873 3415 924 3465 101
940 3413 1026 3480 sqq.)‚
1053 3411 1168 3481 opibus,
1193 3427 1265 3478 qnae
1287 3410 1318 3464 in
1336 3428 1400 3482 pro·

225 3501 353 3555 uerbinm
372 3499 514 3566 abierunt,
534 3501 568 3554 cf.
585 3500 645 3554 Vel.
662 3500 732 3555 Max.
748 3500 760 3552 l
775 3507 791 3554 6
806 3504 861 3555 ext.
876 3508 891 3554 2
912 3501 1008 3555 Midae
1027 3507 1185 3556 crsmtomm
1200 3516 1289 3570 pocae
1306 3517 1402 3570 repom

224 3608 285 3661 opes
305 3591 481 3644 obarrdoulr'o
495 3592 631 3659 pecuniae
644 3592 798 3654 antecessit,
817 3591 1003 3661 paroemiogr.
1018 3607 1059 3660 gr.
1073 3590 1087 3644 1
1106 3607 1133 3659 p.
1148 3595 1214 3656 910,
1234 3587 1317 3644 Ouid.
1331 3591 1400 3645 met

224 3680 262 3732 Xl
287 3686 338 3733 100
357 3698 431 3748 sqq.,
455 3679 519 3734 alis.
546 3712 576 3719 -
602 3680 631 3734 t.
659 3679 727 3751 1011,
757 3679 829 3747 0001
857 3694 954 3747 neque
982 3694 1091 3736 seruus
1118 3680 1166 3734 est
1192 3693 1290 3746 neque
1317 3692 1402 3735 arca.

225 3773 343 3837 apparet
361 3770 486 3820 nostrum
506 3785 616 3822 carmen
636 3770 702 3837 post
714 3767 885 3836 praecedens
900 3766 1004 3836 xxm,
1024 3769 1102 3823 cuius
1116 3768 1223 3839 primns
1237 3783 1336 3823 nerana
1353 3768 1402 3823 hic

224 3856 372 3927 repetitur,
392 3872 452 3909 esse
471 3858 669 3927 compositum,
689 3857 827 3924 siquidem
842 3874 955 3912 necesse
970 3860 1014 3912 est
1031 3858 1089 3912 iam
1107 3859 1160 3913 hoc
1178 3860 1278 3913 notum
1292 3856 1401 3914 factum

225 3963 285 4001 esec
304 3944 430 4010 Furium,
450 3945 498 4013 qni
518 3945 568 4000 tali
583 3945 840 4015 circumscriptione
854 3964 927 4000 nnnc
941 3946 1126 4016 contemptim
1139 3946 1287 4002 indicetur.
1318 3947 1401 4017 ‘istiu

227 4038 259 4090 ut
277 4033 389 4089 LXXXI
408 4042 432 4088 9.
453 4065 486 4074 -
505 4037 533 4089 t.
558 4049 646 4103 quarn
666 4035 710 4091 slc
730 4037 760 4090 10
779 4036 895 4089 sineres
914 4035 952 4090 ab
971 4035 1027 4090 1110
1046 4036 1154 4090 amari.
1192 4035 1255 4091 ‘sic’
1276 4053 1310 4091 co
1330 4038 1401 4094 refe-

224 4125 340 4179 rendum
361 4126 442 4193 puto,
462 4124 536 4192 quod
551 4125 580 4177 in
594 4124 707 4193 publico
722 4123 797 4193 (XXI
813 4131 828 4178 5
844 4128 895 4193 sq.)
910 4124 994 4179 nimie
1007 4124 1149 4192 patienter
1163 4125 1401 4196 indulgenterqne

225 4213 368 4268 quentius
385 4213 491 4268 tulerat
508 4211 599 4281 Furii,
618 4214 729 4268 comitis
747 4213 871 4279 adsidui,
891 4211 1052 4268 blanditiae.
1082 4213 1162 4267 Ouid.
1182 4231 1237 4268 am.
1258 4212 1270 4266 1
1288 4221 1314 4283 3,
1335 4221 1352 4269 3
1371 4217 1402 4270 01

225 4301 263 4355 111
283 4310 308 4367 2,
328 4310 361 4357 17
386 4305 512 4371 potiatur
535 4306 638 4370 010001,
662 4303 744 4372 epist.
765 4302 893 4372 Sapphus
912 4308 946 4355 90
970 4318 1026 4356 aea
1049 4307 1080 4354 at
1098 4318 1171 4356 00000
1195 4320 1256 4369 cro,
1279 4319 1331 4359 noc
1353 4306 1402 4359 rec

226 4393 302 4460 l‘sed
326 4394 416 4464 qnod’
445 4393 525 4448 codd.
546 4393 687 4463 meliores)
713 4410 806 4448 umore
830 4394 915 4448 01000.
951 4390 987 4445 ad
1011 4388 1141 4445 ‘mallem
1164 4390 1289 4447 dodina
1314 4410 1400 4463 quam
