2940 4912
620 367 681 422 111
701 367 779 417 1-1.
1138 439 1146 453 .
1221 368 1285 432 267

112 528 306 599 timueram).
346 528 396 584 sed
414 545 583 598 quamquam
603 530 679 584 certo
702 529 776 583 latet
792 542 906 593 nomeu,
930 527 1024 581 tamen
1048 526 1183 595 quidnam
1202 527 1231 582 id
1250 529 1288 584 sit

112 617 309 673 difficillimum
329 621 373 673 est
391 618 477 673 dictu.
515 619 601 689 uulgo
621 616 746 672 scribunt
766 616 864 672 ‘Heri’
887 619 914 683 (a
930 614 1105 671 nominetino
1126 617 1286 688 ‘Herius‘);

112 711 143 764 et
158 707 254 778 potuit
272 707 331 761 ‘H’
351 708 381 763 in
401 708 469 763 ‘Et’
491 707 615 763 dissolui.
654 707 703 762 sed
720 725 778 762 non
803 707 909 761 minore
929 721 992 758 curn
1010 705 1211 774 probabilitate
1230 708 1287 763 alia

111 797 180 852 licet
202 796 370 866 excogitare.
409 796 519 852 ‘Vetti’
546 797 637 853 uoluit
660 796 803 864 lVossius‚
829 793 927 848 ‘Neri’
954 794 1140 863 LMuellerus,
1167 795 1284 850 ‘Thuri’

112 886 258 957 Peiperus,
279 886 392 941 ‘Terei’
412 886 604 953 l'Schoellius3
630 886 718 955 possis
742 885 829 940 etiam
850 882 948 939 ‘Veri’
969 883 1080 953 alisque
1103 885 1286 956 comminisci,

112 976 198 1031 modo
215 992 251 1030 ne
270 977 345 1031 inter
362 975 489 1031 Caesaris
507 976 612 1031 amicos
630 991 734 1031 nomen
752 973 867 1045 aliquod
887 989 1017 1042 quaeras,
1037 976 1069 1028 ut
1087 974 1156 1030 fecit
1169 974 1285 1030 Ellisius

114 1065 213 1119 ‘Him'’
233 1083 275 1135 ep.
295 1065 367 1120 Pliu.
386 1065 413 1120 h.
432 1083 460 1120 n.
480 1065 520 1119 IX
540 1072 588 1120 171
610 1081 777 1135 proponens.
815 1064 884 1118 mihi
908 1063 1069 1119 etiamnunc
1087 1064 1193 1134 placet,
1212 1064 1287 1133 quod

112 1154 181 1209 olim
199 1155 300 1225 recepi.
330 1155 462 1210 nimirum
481 1155 510 1210 in
530 1156 590 1209 ‘et’
610 1156 700 1210 latere
720 1155 783 1210 ‘os’
804 1154 834 1208 in
853 1155 908 1208 fine
925 1170 1022 1209 uersus
1041 1153 1144 1223 prioris
1162 1170 1286 1209 necessa-

112 1243 185 1298 rium
203 1243 374 1314 perspiciens
393 1244 536 1313 (prouenit
553 1244 654 1298 uilium
674 1262 708 1299 ex
728 1243 882 1313 exemplari
900 1242 1008 1311 aliquo,
1027 1241 1056 1296 in
1075 1260 1129 1311 quo
1149 1244 1287 1312 scriptura

112 1333 246 1390 wutiuua
264 1332 359 1388 omnia
377 1335 471 1389 essent
489 1336 613 1404 exarata)
633 1351 666 1388 ex
688 1332 761 1388 ‘eri’
783 1333 866 1388 elieru
885 1331 972 1386 saal
990 1332 1049 1388 siue
1068 1332 1167 1400 assi,
1186 1350 1288 1389 nomen

112 1426 173 1479 11111
192 1438 336 1478 seruorum
354 1439 439 1491 qnam
457 1422 622 1478 libertorum
640 1423 717 1478 haud
735 1441 836 1478 rarum.
875 1423 923 1477 sed
942 1421 1078 1490 quidquid
1097 1421 1169 1477 latet
1186 1423 1288 1494 (neque

112 1512 189 1568 euim
207 1528 302 1566 meum
320 1515 352 1567 ut
369 1513 399 1567 in
418 1529 449 1567 re
468 1515 568 1583 suapte
586 1516 687 1569 natura
700 1513 808 1568 incerta
826 1529 877 1581 pro
896 1529 964 1566 uero
983 1509 1120 1581 uendite),
1139 1512 1286 1581 genetiuus

113 1602 223 1665 subest,
240 1619 296 1656 non
315 1602 469 1658 uoeafiuus.
497 1601 563 1657 hnic
582 1603 656 1657 enim
675 1601 768 1656 nullus
787 1605 831 1656 est
849 1601 934 1668 loeus,
954 1617 1017 1655 eum
1032 1601 1180 1656 Caesarem
1196 1602 1284 1656 solum

112 1691 144 1746 in
160 1692 214 1746 boc
233 1689 355 1746 carmine
374 1693 403 1745 et
421 1691 592 1760 adloquotur
610 1693 639 1746 et
657 1691 748 1760 possit
766 1689 878 1746 omnino
898 1689 1013 1759 adloqui
1031 1691 1123 1760 poeta.
1152 1707 1217 1744 nam
1240 1691 1288 1760 qui

112 1780 273 1850 nuperrime
292 1796 489 1850 comparauere
508 1780 598 1849 locos,
623 1781 673 1835 ubi
690 1781 720 1835 in
738 1778 832 1835 media
854 1780 1015 1835 narratione
1035 1779 1128 1834 subito
1147 1780 1219 1834 tales
1238 1780 1288 1835 ad·

113 1869 269 1925 moeonas
288 1869 440 1936 habentur,
460 1870 645 1939 neglexerunt
663 1886 710 1924 eas
731 1886 784 1922 usu
801 1867 898 1923 uenire
917 1885 980 1922 cum
999 1871 1081 1938 grata
1104 1869 1240 1924 uanetate
1259 1870 1289 1923 in

115 1957 286 2014 carminibus
305 1957 460 2013 maioribus
480 1959 523 2027 (ut
541 1957 632 2011 LXIV
651 1960 723 2026 899),
741 1958 851 2028 ineptas
870 1974 930 2013 esse
949 1958 978 2012 in
998 1957 1146 2029 poematiis
1164 1958 1288 2027 minutis,

114 2065 178 2104 cum
196 2048 362 2117 praesertim
380 2047 409 2102 in
427 2047 472 2101 his
489 2047 546 2103 iam
562 2047 648 2116 adsit,
668 2048 704 2103 sd
723 2065 806 2116 quem
826 2047 913 2103 uerba
928 2048 1100 2117 desigantur.
1129 2048 1232 2117 quibus
1246 2049 1289 2103 ita

113 2152 146 2192 se
167 2135 336 2192 habentibus
361 2137 553 2206 consequitur,
579 2138 655 2192 recte
680 2153 763 2207 porro
790 2137 877 2192 Italos
903 2137 1013 2192 dedisse
1041 2138 1187 2206 ‘rustica',
1214 2139 1288 2207 quod

113 2243 210 2282 omnes
231 2226 291 2282 fere
314 2225 436 2282 editores
460 2230 634 2297 receperunt
676 2227 734 2282 coit
760 2228 854 2283 autem
879 2226 951 2281 illud
975 2244 1037 2281 eum
1062 2230 1196 2296 sequente
1219 2244 1288 2282 uoce

114 2314 232 2370 ‘aemil'
254 2332 287 2371 eo
305 2314 403 2384 modo,
421 2333 504 2385 quem
530 2316 647 2386 exposui
666 2317 701 2371 ad
720 2315 809 2370 XLVI
830 2322 875 2383 113
895 2316 1080 2385 dicunturque
1099 2318 1142 2384 (ut
1160 2315 1287 2385 equidem

112 2406 293 2476 interpretor)
317 2407 397 2461 deria
419 2422 518 2476 ospes
540 2423 624 2462 erere
645 2407 713 2475 pelis
735 2407 827 2474 (Ouid.
849 2422 873 2462 a.
894 2423 918 2461 a.
937 2405 977 2459 lIl
997 2408 1067 2475 194).
1107 2405 1285 2460 ‘semilauta'

112 2488 203 2563 (ἅπαξ
219 2492 399 2566 λεγόμενον),
422 2512 522 2566 parum
540 2496 657 2561 munda;
677 2496 749 2550 Non.
768 2513 795 2565 p.
811 2501 872 2563 33⁷,
893 2501 924 2549 11
951 2496 1070 2561 laetam,
1092 2496 1234 2551 mundum.
1255 2527 1288 2535 —

112 2583 146 2639 8.
163 2581 275 2639 subtile
298 2587 330 2639 et
351 2583 420 2639 leae
443 2583 578 2654 peditum
601 2583 736 2641 Libonis.
775 2584 845 2638 alius
872 2582 1012 2651 catamiti,
1031 2583 1160 2651 Libonis,
1184 2584 1287 2638 deseri-

113 2671 192 2727 bitur
208 2672 322 2739 uitium3
349 2674 398 2743 qui
416 2674 490 2728 hune
509 2674 596 2728 habet
613 2673 755 2741 morbum,
775 2676 807 2727 ut
829 2672 894 2726 dum
914 2672 1061 2742 pedieatnr
1079 2673 1172 2743 pedat.
1210 2672 1287 2743 pedi-

115 2765 176 2818 tum
195 2764 288 2830 (tus),
308 2764 431 2832 crepitus
449 2764 566 2831 uentris,
592 2765 739 2832 praeterea
757 2780 812 2816 non
832 2764 909 2817 extat
927 2762 980 2816 uisi
998 2762 1027 2817 in
1046 2762 1146 2833 glossis
1165 2762 1288 2817 Labbaei

114 2869 144 2922 p.
160 2856 208 2905 131
220 2851 346 2922 peditum
359 2849 451 2920 πορδή
466 2854 498 2923 et
505 2854 617 2921 peditus
630 2848 722 2920 noodq'
730 2875 737 2919 ;
752 2869 802 2921 pro
818 2851 886 2905 uitio
900 2851 972 2905 illud
986 2852 1033 2907 hie
1046 2854 1148 2920 notari,
1162 2852 1287 2908 animad-

114 2940 202 2995 uertit
223 2939 360 3010 Scaliger,
385 2939 533 2996 Claudium
558 2942 705 2996 Caesarem
729 2959 761 2996 eo
786 2941 927 2996 laborasse
953 2941 1100 2997 adnotans.
1138 2942 1240 2997 certius
1259 2943 1288 2997 id

115 3033 210 3101 potest
228 3031 429 3100 demonstrari,
447 3047 499 3086 nec
519 3031 608 3086 solum
629 3049 662 3085 ex
676 3030 758 3085 Mart.
778 3031 815 3083 IV
831 3036 864 3086 81
884 3031 1060 3100 maximeque
1078 3030 1130 3084 Vll
1145 3037 1187 3086 18.
1214 3049 1287 3099 narn,

113 3124 149 3175 ut
165 3121 220 3175 iam
236 3121 363 3191 Scaliger
382 3122 550 3189 obseruauit,
569 3122 697 3190 peditum
711 3122 770 3176 siue
784 3116 876 3190 noodr]
895 3122 939 3176 est
954 3121 1061 3176 sonitus
1075 3139 1156 3176 aures
1175 3122 1286 3188 feriam,

114 3225 196 3264 nares
215 3213 313 3265 contra
331 3211 442 3279 ingrato
466 3211 551 3265 odore
575 3211 668 3279 tangit
695 3209 810 3283 βὸἐσμα,
846 3209 901 3265 hoe
920 3211 987 3280 quid
1006 3211 1044 3265 sit
1062 3210 1161 3276 latine,
1188 3211 1290 3266 docent

114 3299 224 3369 glossae
248 3300 333 3354 Labb.
358 3318 385 3368 p.
407 3304 457 3353 185
481 3301 597 3353 emaum
620 3299 728 3371 βδέσμα
752 3303 780 3354 et
803 3302 877 3355 11111
902 3299 989 3373 βδέω,
1016 3300 1089 3354 unde
1113 3300 1288 3369 intellegitur

115 3387 172 3443 Cic.
192 3388 228 3442 sd
248 3386 314 3443 fam
334 3387 372 3441 lx
391 3394 475 3455 22st
498 3404 555 3442 ooo
577 3389 716 3444 honestum
740 3391 909 3444 mopsuest
929 3388 1076 3445 ‘diuisis't
1107 3395 1137 3442 ot
1155 3390 1225 3443 istest
1243 3391 1287 3442 ob-

114 3494 237 3544 scenam,
256 3479 303 3532 cei
320 3480 462 3547 respondet
480 3479 663 3548 intercapedo.
692 3479 720 3532 in
740 3479 800 3533 uita
814 3479 969 3534 cottidiana
983 3492 1138 3546 synonyma
1157 3476 1285 3531 ‘uissere’

114 3569 147 3622 et
163 3567 288 3638 ‘pedere’
310 3568 368 3623 sine
388 3566 547 3622 discrimine
566 3567 750 3622 adhibebant:
771 3569 836 3623 clii.
853 3568 889 3622 lV
912 3574 980 3623 1884
1000 3568 1048 3636 qai
1066 3583 1179 3634 rserpam
1197 3569 1288 3634 1111111,

114 3657 183 3728 qaid
200 3672 308 3712 mosae
326 3657 404 3711 silem
420 3656 535 3725 pertesi,
560 3657 608 3711 ubi
632 3657 706 3711 mala
730 3657 765 3711 de
789 3656 895 3711 uisendi
919 3656 1057 3711 uocabulo
1077 3655 1203 3725 cogitant
1228 3655 1288 3711 sine

113 3747 190 3802 imo
209 3762 291 3800 sensu
311 3747 340 3800 et
358 3744 498 3813 acumine,
525 3764 578 3815 ego
598 3746 662 3801 hino
682 3763 814 3817 apparere
834 3749 902 3816 puto
921 3745 1021 3800 uitium
1047 3745 1075 3800 in
1099 3745 1227 3801 delicatis
1246 3762 1288 3800 re-

112 3837 283 3908 prehensum
311 3835 451 3902 simulque
476 3834 655 3889 transitiuum
681 3836 759 3890 uocis
788 3854 875 3891 usum.
921 3835 968 3889 sed
998 3835 1072 3904 quod
1100 3835 1288 3904 nequitiarum

113 3942 204 3997 genus
218 3923 362 3979 subtilitas
378 3923 532 3993 lenitasque
551 3923 640 3994 pediti
660 3924 811 3990 contineat,
827 3925 920 3979 neseio
936 3928 983 3994 (an
997 3925 1123 3979 mentula
1137 3927 1289 3980 concarata

113 4015 281 4082 innuiturl);
302 4013 456 4082 dubitoque
475 4032 542 4067 num
560 4015 615 4069 hue
633 4015 774 4084 pertineat
793 4014 869 4068 loeus
889 4018 1033 4084 corruptus
1048 4003 1180 4067 funditus¹
1189 4013 1288 4068 Lucilii

114 4100 265 4169 81911,
290 4102 339 4156 ubi
361 4104 448 4158 oisire
469 4103 597 4157 minutim
622 4103 721 4172 optimi
747 4103 863 4158 codices.
891 4135 920 4143 -
948 4103 982 4173 4,
1002 4102 1030 4156 5.
1055 4103 1081 4157 sl
1105 4118 1164 4156 non
1188 4104 1289 4158 omnis

112 4192 279 4264 displicere
298 4191 409 4247 uellem
428 4190 486 4247 tlbl
507 4192 538 4246 et
553 4192 667 4247 Fullelo
683 4192 765 4247 senei
785 4193 918 4247 recocto.
946 4193 1044 4245 horum
1060 4191 1209 4245 uerborum
1225 4212 1287 4247 cum

112 4281 255 4354 prioribus
273 4281 510 4350 sequentibusque
534 4299 654 4336 conexus
679 4281 812 4336 obscurus
838 4284 887 4336 est.
927 4279 1009 4334 mitto
1030 4280 1151 4350 priorum
1172 4285 1288 4337 conatus

111 4371 274 4443 explicandi
297 4369 488 4440 incredibiles,
512 4371 601 4425 ueluti
621 4371 765 4440 Scaligeri.
803 4371 921 4440 Vulpius
946 4372 1011 4439 post
1031 4371 1157 4425 ‘omnia'
1179 4390 1289 4427 commo

114 4477 224 4535 moena
252 4461 294 4517 its
320 4462 444 4515 enarrat:
471 4461 616 4516 ‘concedit
642 4463 748 4532 (poeta)
771 4461 867 4530 aliqua
890 4460 1007 4518 fortasse
1031 4478 1091 4518 esee
1117 4462 1144 4516 iu
1170 4462 1289 4532 Othone,
