2940 4912
467 342 620 399 GARMEN
639 341 688 396 AD
707 340 923 398 CORNELIUM
942 346 1038 396 8—10.
1297 340 1338 405 73

141 509 223 576 poeta
251 506 388 562 inuocat
417 522 549 562 seueram
576 504 656 559 illam
683 503 822 574 uirginem
849 501 1018 570 Mineruam,
1051 502 1207 574 sapientiae
1238 504 1339 558 deam?

142 614 224 664 qnam
243 597 279 650 et
298 596 404 666 ipsam
425 597 576 667 praeterea
594 611 692 665 parurn
711 596 787 648 recte
806 592 946 663 designari
965 593 1072 649 incerto
1088 592 1205 662 uirginis
1218 593 1339 648 nomine.

145 689 181 742 sic
197 688 281 742 hand
301 687 399 756 pauci
418 685 553 740 uidentur
577 684 709 752 sanasse,
729 682 867 752 siquidem
885 683 991 736 multae
1009 685 1166 756 temptatae
1189 684 1255 736 sunt
1274 699 1338 737 con-

146 779 272 832 iecturae
297 775 480 848 t‘patrima'
506 776 537 830 et
560 773 691 844 ‘patron'
717 775 746 828 et
771 773 904 841 ‘paterna
926 772 1038 842 uirgo’3
1061 788 1144 842 porro
1167 771 1203 825 ab
1227 770 1339 827 Handio

148 870 282 938 ‘patrone
299 884 358 938 per
372 868 429 933 te’,
444 883 462 921 a
476 861 599 935 Berghio
614 863 737 932 ‘patroni
751 863 785 916 ut
797 862 887 932 ergo',
906 862 983 930 alia),
1002 878 1071 931 quas
1086 860 1251 930 singillatim
1265 861 1337 916 retu-

147 964 205 1011 tare
223 957 268 1011 nil
290 957 412 1012 attinet
455 970 522 1009 uam
542 969 713 1022 quamquam
732 949 876 1007 Cornelius
895 953 1030 1020 patronus
1055 949 1141 1005 etiam
1159 952 1248 1004 nostri
1267 953 1337 1006 tern-

149 1047 223 1116 poris
242 1046 345 1101 doctis
364 1043 512 1100 nonnullis
527 1042 646 1113 placuit,
665 1041 713 1110 qni
731 1040 909 1094 intimandis
928 1038 1133 1094 imitationibus
1151 1039 1234 1094 nimis
1253 1041 1338 1110 louge

150 1135 298 1206 progressi
327 1133 521 1190 accersierunt
546 1132 627 1186 Mart.
647 1129 685 1183 ΙΙΙ
709 1136 739 1196 2,
759 1135 789 1196 t,
815 1131 910 1183 tamon
936 1127 1042 1198 Nepos,
1069 1129 1118 1198 qui
1142 1129 1200 1183 suis
1225 1129 1338 1199 quidem

152 1224 268 1294 scriptis
288 1223 420 1279 amicum
441 1221 636 1278 commendare
655 1222 684 1275 et
703 1217 878 1274 sermonibus
892 1217 1045 1273 identidem
1059 1218 1223 1289 praedicare
1238 1218 1339 1288 potuit,

153 1315 269 1368 omnino
298 1312 397 1368 caruit
421 1310 558 1367 facultate
583 1308 774 1364 immortalem
799 1306 934 1361 reddendi
960 1306 1110 1362 Catullum.
1154 1307 1246 1362 missis
1272 1325 1339 1378 ergo

152 1403 237 1472 nugis
263 1402 434 1468 uideamus,
460 1418 526 1455 unm
552 1415 618 1454 uere
642 1399 800 1453 Mineruam
824 1397 871 1451 hic
895 1414 951 1451 non
977 1397 1120 1451 lesendam
1147 1396 1339 1452 clamauerint.

152 1492 358 1547 consistebant
382 1491 495 1560 quidem
520 1489 550 1543 in
575 1488 652 1543 illius
675 1490 774 1560 utpote
798 1487 923 1542 cranium
947 1486 1049 1542 astitum
1074 1491 1208 1557 patronae
1231 1487 1339 1556 templo

155 1581 302 1636 Auentino
328 1582 417 1636 etiam
442 1580 549 1635 scribae
572 1579 632 1633 siue
655 1580 756 1648 poetae
781 1578 889 1644 (Festus
912 1595 939 1647 p.
954 1579 1018 1644 333)
1043 1576 1078 1630 ob
1102 1577 1237 1631 honorem
1260 1575 1340 1630 Liuio

155 1670 322 1725 Andronico
347 1668 478 1724 habitum
502 1668 547 1737 (cf.
573 1670 602 1722 et
618 1666 734 1722 Prelleri
754 1666 843 1737 myth.
862 1666 942 1723 Rem.
961 1685 987 1736 p.
1003 1669 1080 1733 259),
1104 1665 1202 1720 scribit
1224 1664 1339 1734 quidem

154 1762 217 1815 irinc
239 1758 368 1814 Ouidius
387 1757 453 1813 t'ast.
472 1757 582 1812 111333
605 1758 679 1812 mille
696 1758 748 1812 1110
766 1762 804 1812 cst
823 1773 947 1826 operula,
970 1761 1039 1810 certe
1057 1757 1108 1810 dra
1126 1756 1258 1811 carminis
1275 1756 1341 1810 hacc

155 1856 203 1904 et:
231 1847 428 1904 nihilominus
453 1849 573 1917 patrona
597 1862 714 1917 poeseos
742 1862 833 1915 neque
859 1848 920 1900 erat
947 1861 1037 1914 neque
1064 1844 1221 1899 habebatur
1246 1843 1339 1899 Pallas

158 1939 245 1994 lusis
266 1938 340 1993 licet
357 1935 459 1992 amica.
498 1951 588 2004 neque
607 1952 673 1991 nero
696 1936 729 1989 ut
751 1935 903 1990 carminum
931 1951 1043 1989 suerum
1061 1933 1209 1988 fautricem
1227 1933 1341 1988 inuocat

156 2046 216 2082 eam
243 2025 392 2092 Catullus,
418 2026 467 2080 sed
493 2028 639 2094 tamquam
665 2025 748 2079 huius
774 2023 865 2079 libelli
890 2023 1132 2079 conseruatrioem.
1170 2025 1200 2079 et
1222 2022 1340 2077 libelli

158 2120 345 2186 patronam
370 2113 541 2184 uirginem
565 2116 673 2169 ueteres
696 2116 772 2169 certe
790 2114 911 2170 lectores
930 2131 985 2168 non
1003 2115 1156 2182 potuerunt
1173 2112 1339 2183 intellegere

159 2205 245 2260 aliam
270 2221 361 2273 qnam
384 2203 554 2274 Mineruam,
580 2203 684 2273 quippe
707 2203 785 2258 cuius
808 2203 890 2257 unius
913 2203 967 2257 hoc
989 2202 1064 2257 esset
1086 2202 1218 2258 officium.
1255 2219 1339 2270 quam

160 2294 427 2365 interpretationem
439 2293 520 2348 unice
530 2292 743 2364 agrammatica
756 2292 909 2347 admissum
919 2292 988 2346 adeo
1002 2294 1123 2361 spretam
1134 2308 1195 2346 esse
1209 2290 1339 2360 mirabar,

161 2402 221 2438 rum
241 2382 305 2437 nidi
326 2399 391 2437 eam
408 2382 466 2437 iam
485 2382 589 2437 dudum
609 2381 784 2453 propositam
809 2400 826 2437 a
845 2381 987 2451 Scaligero
1007 2381 1052 2449 (cl.
1072 2383 1101 2435 et
1122 2380 1238 2435 Pohlius
1260 2380 1339 2435 lectt.

162 2492 186 2541 p.
203 2476 263 2541 13),
288 2472 340 2541 qui
362 2474 440 2527 recte
462 2474 600 2542 prouocat
621 2470 656 2526 ad
676 2472 772 2526 quen.
792 2477 817 2538 3,
837 2478 888 2526 219
912 2473 958 2531 tic
980 2472 1064 2526 libros
1087 2471 1164 2525 dabit
1187 2475 1212 2524 et
1234 2469 1340 2536 [0111101

162 2564 334 2632 aediumque
358 2562 534 2628 stammam,
561 2561 609 2615 ubi
635 2560 798 2630 designatur
824 2561 892 2616 deae
917 2557 1043 2630 προτομή
1072 2560 1130 2614 siue
1158 2559 1339 2613 simulacrum

163 2650 361 2715 dimidiatum,
381 2648 455 2718 quod
474 2650 503 2703 in
523 2649 651 2705 omuibus
670 2649 848 2705 bibliothecis
867 2650 1057 2707 dedicabatur.
1087 2649 1265 2718 fingebantne
1284 2647 1339 2702 sibi

164 2742 231 2794 hauc
256 2739 497 2794 bibliothecarum
521 2740 677 2809 praesidem
702 2740 856 2794 Mineruam
881 2743 1025 2809 tamquam
1049 2739 1250 2794 Memineruam
1279 2738 1339 2792 siue

164 2830 316 2883 memoriae
337 2829 438 2883 dmm?
476 2829 610 2897 quidquid
634 2829 736 2896 idest,
761 2829 832 2883 nihil
851 2830 908 2883 iam
927 2829 1029 2885 referre
1048 2834 1180 2899 apparet,
1204 2829 1338 2898 quidnam

165 2918 205 2970 sic
226 2919 344 2973 libellus
363 2919 519 2973 contineat:
539 2918 664 2972 omnium
683 2936 798 2988 opemm
818 2919 905 2973 semel
915 2920 947 2972 in
962 2919 1148 2973 bibliothecas
1163 2923 1337 2989 receptorum

164 3026 251 3076 salue
271 3007 465 3062 conseruatrix
484 3007 532 3060 dia
545 3007 647 3061 Pallas.
676 3008 732 3062 iam
751 3007 817 3062 iude
836 3026 853 3061 a
868 3008 963 3062 Sullae
976 3014 1103 3078 tempore
1118 3009 1249 3063 extiterat
1263 3009 1338 3078 apud

164 3100 261 3151 «lectos
285 3096 446 3164 diuitesque
464 3097 606 3150 Romanos
630 3114 695 3151 cura
713 3097 960 3165 bibliothecarum
987 3098 1016 3151 in
1040 3115 1109 3165 quas
1133 3098 1339 3167 recipiebantur

168 3189 274 3240 :electu
294 3186 371 3240 facto
390 3185 534 3255 praecipui
553 3187 728 3255 spectatique
748 3187 876 3242 auctores
895 3189 940 3255 (cf.
961 3204 1002 3244 ex.
1017 3206 1058 3257 gr.
1079 3188 1190 3242 Sueten.
1207 3188 1267 3243 Tib.
1285 3194 1337 3249 llll.

165 3284 280 3329 terrane
300 3273 402 3343 igitur,
424 3274 553 3329 similiter
572 3280 656 3344 atque
674 3275 806 3331 Horatius
829 3276 882 3330 sibi
902 3275 970 3331 satis
989 3295 1126 3346 superque
1145 3278 1243 3331 beatus
1263 3278 1337 3331 uide·

166 3378 218 3429 tur,
244 3364 268 3417 si
293 3361 466 3418 Maecenatis
488 3363 622 3417 iudicium
652 3383 715 3418 eum
739 3365 843 3420 inseret
870 3366 1020 3436 lyricorum
1044 3370 1141 3421 uatum
1165 3367 1255 3420 ordini
1279 3366 1337 3420 siue
1374 3379 1379 3389 ·

167 3454 274 3519 netu,
288 3453 419 3508 Catullus
435 3470 545 3522 quoque
560 3453 614 3507 sibi
629 3458 752 3524 exoplat,
767 3458 799 3508 ut
812 3460 940 3525 receptus
955 3457 1027 3511 inter
1042 3456 1174 3525 probatos
1189 3455 1337 3524 scriptores

166 3546 247 3598 stiam
268 3546 474 3614 postmortem
494 3544 583 3598 uitam
602 3545 681 3598 uiuat
705 3543 878 3613 diuturnam,
903 3549 934 3599 ut
957 3546 1069 3600 libellus
1089 3547 1135 3600 hic
1153 3548 1211 3598 tam
1230 3544 1337 3599 nitidus

175 3652 189 3686 n
212 3641 240 3688 21
260 3652 320 3687 11011
339 3633 368 3687 iu
388 3633 478 3703 plebis
497 3633 643 3703 perueniat
661 3652 759 3688 manus
778 3633 881 3690 inlotos
896 3636 1030 3705 laxasque
1045 3637 1179 3690 scombris
1198 3636 1247 3689 det
1265 3634 1337 3689 tuni·

166 3742 215 3787 -υ,
230 3723 281 3777 sed
298 3722 372 3777 duce
383 3723 508 3777 Minerua
521 3723 550 3777 in
564 3723 744 3777 bibliothecis
761 3727 886 3778 seruatus
901 3742 918 3779 a
932 3726 1008 3779 canis
1024 3726 1143 3780 saeculis
1158 3726 1338 3795 persoluetur

175 3813 243 3867 llt'l'
264 3819 281 3867 3
302 3814 334 3865 et
352 3814 388 3877 8).
426 3812 460 3865 de
484 3810 566 3867 huius
590 3816 684 3867 autem
708 3813 768 3867 uoti
792 3814 898 3879 uerbis,
923 3815 1018 3882 qualia
1040 3815 1162 3884 praefert
1185 3836 1211 3871 u.
1234 3823 1278 3882 10,
1302 3818 1337 3871 cl.

165 3899 330 3957 callimachi
351 3900 383 3955 fr.
406 3906 453 3954 121
481 3898 570 3956 neutri
594 3901 715 3972 μένωσιν
740 3901 813 3969 isos,
838 3903 942 3958 Cinnae
961 3904 993 3957 ir.
1013 3911 1030 3957 4
1048 3907 1158 3960 1111011111
1177 3914 1338 3976 persenserat

165 3995 247 4047 aratri
266 3993 416 4060 Dictynna
438 3991 561 4057 Catonis,
582 3991 646 4046 Hor.
663 3992 706 4046 od.
723 3992 734 4043 Ι
750 3999 791 4060 32,
807 3999 823 4046 2
842 4010 950 4048 corruere
968 3995 1041 4062 qaod
1059 4001 1084 4049 ct
1102 3996 1174 4050 lianc
1189 3999 1219 4050 ia
1233 4014 1337 4050 aaaron

165 4090 239 4137 eruut
256 4090 283 4138 et
300 4083 414 4150 plures,
439 4080 552 4135 Suetou.
573 4081 632 4134 uita
650 4081 716 4134 Hor.
737 4084 842 4149 scripta
920 4084 1053 4152 probauit
1075 4102 1259 4153 illaesumque
1273 4103 1336 4153 per·

162 4182 237 4239 petua
257 4171 312 4239 (sic
336 4175 413 4224 recte
433 4169 524 4239 codd.)
543 4172 674 4240 opr'uetus
692 4176 742 4235 esl;
763 4169 900 4226 Ciris100
919 4179 999 4242 utque
1015 4191 1117 4229 norsum
1132 4181 1240 4228 aeterno
1255 4192 1336 4243 pruc-

163 4268 235 4319 1131
259 4264 371 4317 honore
396 4261 530 4314 uelamen.
569 4265 599 4315 et
624 4278 687 4315 cum
714 4279 747 4316 ex
775 4263 870 4317 multis
898 4264 1080 4333 scriptoribus
1104 4264 1210 4334 possint
1234 4265 1336 4321 adferri

163 4354 269 4418 nmilia,
304 4347 413 4403 addam
445 4347 550 4402 exitum
582 4352 627 4404 sat
657 4350 867 4405 memorabilem
898 4353 1001 4406 Iliados
1034 4353 1140 4407 latinae
1174 4353 1267 4424 [l'lrll.
1299 4356 1335 4409 lll

163 4460 183 4508 p.
196 4446 255 4515 33],
277 4439 329 4494 ubi
352 4436 481 4506 Calliope
499 4439 589 4493 adhuc
609 4438 740 4494 carminis
760 4459 870 4495 cursum
889 4443 1036 4498 moderata
1055 4446 1087 4498 ut
1105 4441 1194 4514 lyram
1214 4446 1338 4514 deponat
