2940 4912
568 312 614 367 CX
633 319 658 368 8.
696 313 756 369 CXI
776 319 852 369 1-4.
1231 315 1294 378 601

122 494 210 547 supra
234 476 275 531 tas
299 491 386 530 auaro
410 476 476 542 (non
499 473 593 542 bono).
635 474 672 528 nd
697 474 776 545 ‘plue
799 477 899 544 qnsm'
925 473 960 530 ct.
983 474 1044 531 Liu.
1064 473 1129 528 xxi
1147 481 1177 544 2,
1196 482 1213 529 4
1235 492 1297 546 opes

119 567 187 636 plus
205 582 287 635 quom
306 565 440 630 modicae,
459 562 542 633 plura
555 563 630 632 apud
646 562 837 620 Woelfflinnm
855 565 915 619 ‘lat
930 583 956 621 ru
972 581 1039 619 rom.
1055 563 1196 633 Compar)
1212 583 1239 634 p.
1254 571 1296 622 31.

122 654 276 711 V‘eftleit’
296 654 395 719 habet,
420 652 493 707 unde
517 652 673 707 elicuerunt
691 652 835 712 Mamilius
861 653 1006 709 ‘officium’
1028 656 1068 722 (et
1090 651 1193 707 dicitur
1213 654 1297 708 ‘sran-

122 743 189 798 dare
208 742 340 811 aliquid')
360 745 389 796 et
408 740 543 811 Bergkins
563 740 697 797 ‘officiis’.
726 745 755 797 et
774 744 849 798 certe
868 743 938 797 haec
956 760 1010 798 uox
1029 742 1177 812 aptissima
1195 741 1297 815 (minus

121 832 236 903 placent
258 830 314 885 alio
337 833 508 898 commenta,
532 830 564 883 ut
586 830 757 900 Heysianum
783 830 946 898 ‘effectum’,
973 831 1006 886 el.
1032 830 1113 901 Prop.
1133 831 1146 885 Ι
1171 837 1217 899 10,
1236 833 1296 900 28);

123 919 294 991 singularem
312 922 407 975 autern
425 936 499 974 nune
522 919 627 990 plurali
649 918 777 989 praefero
801 923 899 991 utpote
923 922 952 975 et
970 919 1116 976 meliorem
1134 920 1164 974 in
1183 921 1297 977 notione

123 1010 266 1066 abstracta
283 1011 312 1064 et
329 1008 439 1063 facilius
458 1009 625 1076 eruendum
644 1025 710 1063 nem
729 1013 762 1064 nt
779 1010 819 1064 ‘0’
840 1012 870 1064 et
889 1010 927 1065 ‘e'
943 1009 973 1064 in
987 1011 1012 1066 V
1028 1027 1138 1080 semper
1152 1010 1296 1080 fluctuant,

122 1099 164 1154 ita
182 1098 220 1165 ἴτ’
241 1098 331 1152 lenius
350 1097 473 1153 mutabis
492 1097 522 1152 in
542 1098 583 1151 ‘ir’
605 1114 690 1167 qnam
708 1098 737 1153 in
758 1098 813 1154 ‘is’.
842 1098 872 1153 in
886 1097 940 1155 tine
957 1099 1022 1154 ‘est'
1038 1098 1145 1154 omittit
1158 1100 1194 1155 V:
1214 1116 1298 1154 uocu-

122 1191 181 1244 lam
206 1186 392 1243 neeessariam
419 1189 520 1257 (supra
546 1205 573 1256 p.
594 1189 644 1258 19)
670 1190 746 1243 recte
773 1186 939 1258 Calpurnius
966 1187 1079 1244 adiecit.
1106 1218 1139 1229 -
1167 1188 1196 1244 8.
1222 1202 1298 1258 quse
1359 1179 1361 1186 ’

126 1292 192 1334 sese
212 1278 278 1334 toto
297 1289 425 1344 corpore
443 1274 613 1344 prostituit.
651 1279 753 1342 scorto,
774 1275 848 1345 quod
867 1276 903 1332 ob
922 1276 1070 1332 auaritiam
1089 1275 1184 1332 omnia
1205 1275 1298 1331 libidi-

126 1385 190 1422 num
209 1382 315 1435 genera
333 1367 456 1432 exercet,
476 1363 511 1418 el.
532 1363 633 1420 Asson.
649 1364 737 1435 epigr.
754 1371 788 1420 et
808 1366 874 1434 (71),
893 1365 966 1419 unde
986 1367 1104 1436 apparet
1121 1383 1206 1434 quam
1224 1364 1298 1421 male

123 1454 318 1525 Westpbalius
342 1453 477 1509 traditum
500 1453 531 1507 iu
553 1454 578 1509 V
598 1454 691 1509 ‘tota’
717 1457 798 1523 (nota
820 1455 1022 1510 elementorum
1042 1455 1090 1510 ‘a’
1116 1457 1146 1510 et
1165 1457 1213 1511 ‘o’
1234 1473 1298 1511 con-

122 1544 207 1613 tusio)
232 1545 340 1597 mutare
363 1542 485 1597 uoluerit
510 1542 540 1594 in
565 1543 688 1597 ‘totam'.
726 1544 851 1598 ceterum
869 1544 905 1598 ad
924 1546 1016 1599 totum
1034 1544 1128 1599 locum
1147 1546 1213 1615 apte
1227 1543 1297 1599 Vul-

122 1634 186 1704 pins
205 1650 247 1702 ep.
268 1631 349 1685 Ouid.
368 1647 392 1686 a.
414 1648 438 1686 a.
457 1630 497 1684 III
516 1637 568 1686 403
587 1632 639 1687 ello
655 1637 742 1702 potest
764 1633 863 1702 cipetra
884 1635 1008 1702 flammae
1026 1634 1183 1704 extinguere
1204 1634 1299 1691 Vertar

123 1729 148 1777 et
165 1739 262 1792 rapere
280 1739 294 1775 e
311 1722 429 1791 irruptis,
450 1722 566 1788 Inocte',
584 1737 666 1776 sacro
683 1723 740 1776 treis
758 1728 782 1776 et
807 1723 875 1777 dare
892 1723 981 1777 mixta
1003 1723 1066 1778 reiro
1090 1724 1164 1779 tritis
1186 1725 1300 1779 scendo

123 1813 234 1880 01011110,
253 1815 361 1880 accepto
384 1809 511 1866 Venerem
529 1828 639 1867 misere
656 1813 738 1882 eiquo
755 1817 843 1881 nepot.

666 1965 749 2022 ΟΠ.

196 2079 224 2133 1.
253 2078 406 2146 tutilone,
434 2077 502 2133 ulro
529 2078 701 2134 contentam
726 2077 832 2134 uiuere
858 2080 941 2153 sole,
972 2081 1134 2149 nuptarum
1159 2080 1228 2136 laus
1253 2081 1301 2137 est

125 2167 266 2224 landlbus
285 2166 416 2223 exlmlis.
452 2183 508 2222 non
527 2169 687 2236 contentus,
711 2167 741 2222 in
765 2168 888 2224 carmine
913 2169 1055 2238 superiore
1073 2168 1230 2225 Aufilenam
1249 2169 1297 2224 do-

124 2258 213 2314 cuisse
231 2256 380 2311 discrimen
399 2255 472 2310 inter
489 2256 592 2312 bonam
610 2258 641 2311 et
656 2273 788 2326 rapacem
803 2256 936 2327 amicam,
955 2257 1072 2313 ulterius
1092 2255 1151 2312 irae
1172 2257 1201 2312 in
1219 2256 1300 2312 femi·
1377 2321 1383 2331 ¹

124 2366 189 2402 nam
208 2347 292 2401 istam
315 2343 445 2416 indulget
462 2348 548 2416 poeta
565 2343 671 2400 similia
693 2348 846 2416 praecepta
871 2346 973 2401 acerba
990 2348 1027 2402 ad
1045 2346 1134 2401 uitam
1153 2347 1300 2402 honestam

125 2435 283 2508 spectantia
315 2434 433 2488 addens:
466 2450 527 2488 esse
560 2433 674 2502 quidem
701 2434 820 2505 primam
847 2435 968 2504 gloriam
997 2438 1159 2506 nuptarum,
1187 2436 1216 2490 in
1244 2453 1299 2491 uno

124 2526 216 2581 lacere
235 2523 352 2579 delicias
370 2523 431 2577 niro
450 2521 497 2593 (cf.
516 2523 552 2576 ad
573 2521 702 2576 vane
721 2527 779 2592 96),
804 2522 866 2591 sed,
891 2525 945 2579 etsi
969 2525 1051 2580 huius
1069 2524 1162 2581 laudis
1186 2542 1300 2595 compos

126 2632 181 2670 non
201 2613 240 2669 sit
254 2613 383 2667 Aufilena
397 2612 491 2680 (quam
511 2613 587 2666 certo
606 2611 671 2666 hinc
686 2613 812 2683 seqnitur
825 2614 944 2682 nuptam
957 2612 1062 2682 fnisse),
1079 2617 1173 2669 tamen
1187 2631 1301 2670 uxorem

125 2704 187 2758 iura
205 2699 358 2774 pudicitiae
377 2700 438 2755 nita
457 2699 645 2755 lasciuissima
664 2699 780 2772 insuper
801 2702 954 2757 habentem
973 2719 1034 2758 esse
1053 2703 1197 2760 meliorem
1217 2720 1301 2772 quam

127 2795 189 2847 iura
207 2789 352 2860 sanguinis
370 2790 477 2845 incesto
498 2790 717 2859 proculcantem.
747 2792 932 2846 ‘contentam’
953 2809 1181 2863 unamquamque
1200 2794 1300 2863 nupta·

127 2899 187 2936 rum
208 2877 374 2950 singillatim
395 2878 547 2948 respiciens
572 2878 643 2934 dixit
660 2881 759 2949 poeta;
779 2880 916 2951 superflue
936 2879 1063 2952 Scaliger
1082 2881 1203 2937 correxit
1222 2882 1297 2936 ‘eon-

125 2970 244 3036 tentas’;
264 2967 378 3022 Ellisius
397 2983 439 3036 cp.
456 2966 542 3023 Lucil.
557 2965 611 3022 inc.
627 2968 659 3022 fr.
676 2975 709 3023 18
728 2969 764 3024 M.
784 2971 836 3023 reni
853 2986 881 3024 ee
899 2976 980 3041 atque
997 2972 1081 3026 eidem
1099 2972 1191 3026 studio
1209 2987 1301 3026 emeca

125 3061 219 3115 dedere
238 3100 262 3113 ..
282 3059 382 3112 bosom
399 3057 529 3111 simulare
551 3058 645 3112 airam
667 3074 703 3113 se.
739 3057 769 3112 in
788 3075 872 3113 uersu
891 3059 998 3115 minore
1022 3078 1077 3115 non
1102 3077 1185 3131 posse
1205 3061 1301 3117 abesse

129 3150 167 3204 ‘e’
189 3147 234 3204 uel
255 3147 321 3214 ‘ex',
340 3146 448 3216 pridem
467 3147 643 3216 intellexere,
666 3149 714 3203 sed
734 3149 809 3219 qued
826 3150 882 3204 arti
901 3151 1083 3221 responderet
1107 3168 1190 3206 nemo
1213 3151 1299 3206 dedit

126 3238 200 3293 mule
219 3237 345 3307 Scaliger
370 3236 446 3304 ‘est',
472 3237 547 3305 quod
571 3237 667 3294 abesse
690 3237 769 3294 nullo
792 3242 877 3309 pacto
903 3240 998 3310 potest
1020 3240 1066 3310 (ct'.
1085 3240 1121 3296 ad
1140 3240 1188 3296 CX
1207 3245 1249 3310 1),
1272 3239 1301 3295 in

130 3327 186 3382 ‘ex’
208 3325 342 3391 mutauit;
361 3325 441 3395 peius
456 3325 552 3394 ctiam,
572 3326 676 3398 qnippe
691 3345 753 3383 cum
769 3327 876 3400 duplici
891 3330 1078 3397 correctione,
1097 3329 1230 3385 AStatins
1248 3330 1302 3384 ‘est

130 3417 191 3471 laus
211 3416 238 3470 e’
259 3414 378 3484 scripsit.
408 3416 533 3484 praestat
550 3415 637 3485 igitur
656 3434 720 3471 cum
739 3418 856 3473 minima
873 3417 989 3474 lieentia
1009 3417 1142 3473 ‘eximiis‘
1163 3419 1302 3488 corrigere

127 3505 156 3560 in
181 3506 212 3559 ‘e
235 3503 357 3572 nimiis’,
383 3504 410 3558 h.
431 3520 454 3558 0.
479 3504 588 3573 magnis
611 3505 657 3574 (et'.
682 3505 718 3559 ed
742 3505 829 3559 LXIV
847 3509 901 3575 22).
939 3505 1029 3562 Plant
1050 3505 1130 3576 Capt.
1155 3508 1193 3561 Ill
1220 3514 1247 3572 1,
1266 3513 1301 3561 22

127 3596 230 3650 dictum
254 3595 391 3650 dedistis
413 3593 584 3659 melioribus3
607 3608 743 3662 perquam
767 3594 936 3649 familiarem
959 3599 1054 3650 nostro
1079 3612 1139 3650 esse
1163 3596 1235 3649 hane
1254 3594 1302 3649 ad·

127 3682 347 3739 nominationem
366 3683 421 3739 iam
443 3682 504 3737 scis.
526 3713 559 3722 -
583 3682 612 3738 t.
636 3682 689 3738 sed
708 3682 807 3739 eululs
827 3684 966 3751 quamuis
984 3685 1088 3755 potins
1108 3684 1302 3740 succumbere

128 3788 184 3843 par
202 3774 258 3829 est.
296 3789 325 3827 se
345 3773 522 3828 substernere
540 3773 577 3827 ad
596 3773 700 3828 coitum
720 3772 819 3843 (Varro
833 3772 859 3826 d.
880 3793 900 3828 r.
921 3793 942 3830 r.
963 3773 989 3826 Π
1009 3780 1051 3841 10,
1070 3779 1086 3828 9
1105 3780 1169 3830 onte
1187 3775 1302 3843 rupitias

128 3867 159 3916 et
176 3864 393 3932 succumberent,
412 3863 513 3933 quibua
530 3863 641 3932 uellent)
661 3861 779 3917 cuilibet
796 3863 915 3917 amatori
935 3863 981 3919 nol
1001 3862 1190 3919 abiectissimo
1211 3864 1303 3934 magis

128 3950 259 4007 conuenit
277 3953 363 4021 (LXII
379 3955 413 4021 9).
442 3969 508 4007 nam
528 3952 592 4023 ‘par
609 3952 662 4006 est'
682 3950 816 4007 facillime
836 3970 869 4008 ex
888 3953 993 4009 tradito
1009 3953 1086 4023 ‘pars
1105 3954 1159 4007 est‘
1181 3953 1302 4008 elicuere

128 4039 203 4109 ltali3
227 4041 280 4096 ‘sas
299 4043 354 4097 est’
375 4041 542 4097 Parthenius
561 4040 669 4095 maluit.
707 4040 780 4096 male
799 4044 906 4111 eutem,
926 4042 1019 4112 siquid
1039 4042 1143 4109 sentio,
1168 4043 1305 4098 sehabet

130 4128 293 4198 ‘quemuisn
317 4131 392 4201 qued
415 4134 514 4202 utpote
536 4131 565 4186 in
591 4131 731 4186 sententia
753 4132 878 4202 generali
901 4131 991 4187 multo
1011 4130 1114 4187 rectius
1137 4132 1229 4200 abest;
1253 4148 1304 4188 nec

129 4234 224 4273 omnes
244 4221 362 4276 feminas
386 4221 427 4275 ita
451 4221 551 4275 melius
575 4235 658 4290 egere
682 4219 853 4275 efferendum
872 4222 923 4275 est.
961 4220 1045 4291 lenge
1065 4220 1164 4276 fortius
1183 4220 1303 4290 scripsit,

131 4310 158 4363 ni
177 4309 273 4380 fallor,
292 4314 377 4381 poeta
398 4310 534 4381 ‘queuis’,
552 4311 579 4366 h.
595 4326 618 4365 0.
638 4307 738 4379 quouis
752 4311 917 4366 concubitus
932 4328 1033 4380 genere
1048 4309 1147 4379 (etiam
1164 4308 1235 4365 illud
1249 4315 1304 4365 toto

128 4398 728 4474 1111011010ροεεῑεοοωριωο).-4.
748 4414 836 4467 qnam
855 4400 981 4457 matrem
1001 4400 1173 4456 1111110101
1190 4398 1302 4470 patruo
