2940 4912
174 300 237 364 132
655 305 719 359 11111
741 311 853 363 11-14,

171 461 194 516 V
215 462 285 530 ‘qul'
307 479 370 517 cunr
388 465 469 520 uaria
487 465 608 521 lectione
627 482 661 520 ex
685 464 757 520 libro
777 466 892 536 BeIgIeo
910 468 1001 538 petita
1021 470 1118 538 ‘quod’
1140 472 1298 541 legebatur3
1319 477 1350 528 et

170 551 223 606 hoe
243 553 341 621 ‘quod’
362 557 394 610 nt
412 554 568 624 antiquitus
587 553 723 610 traditum
742 555 882 624 facileque
900 556 929 611 in
950 557 1021 626 ‘qui’
1043 561 1204 630 corruptum
1219 562 1274 630 (‘q'
1295 579 1349 631 pro

171 641 212 711 ‘q'
233 641 306 712 legit
324 642 417 699 scriba
437 644 614 712 Veronensis)
636 645 739 699 acriter
757 648 801 700 est
818 645 1008 700 retinendum:
1032 648 1091 703 siue
1110 649 1204 718 potius
1223 648 1253 703 id
1272 650 1349 718 quod

169 731 253 786 meris
277 733 419 787 amoribus
443 735 569 803 praestat
590 732 730 788 suauitate
754 733 951 804 elegantiaque
975 736 1020 806 (cf.
1043 737 1077 792 de
1102 738 1182 793 ‘seu’
1209 756 1262 809 pro
1283 740 1348 811 ‘seu

169 820 279 888 potius’
301 822 465 878 Kuehnerus
484 821 501 876 I.
522 823 539 880 I.
558 825 616 877 not.
638 824 674 891 7).
712 822 769 876 16111
791 822 846 877 etsi
864 841 914 893 per
934 824 991 879 ‘ue‘
1012 829 1108 895 potest
1125 844 1192 882 eane
1211 827 1348 883 iudicium

168 907 203 963 de
222 910 337 978 116616,
356 911 462 966 uelitne
481 915 654 982 unguentum
673 910 819 980 appellare
838 911 951 967 snauins
975 930 1011 968 an
1031 915 1203 987 elegantius,
1227 917 1347 974 Fabullo

167 997 297 1053 relictum
316 1016 391 1068 6666,
409 1003 505 1055 tamen
524 1017 575 1055 sua
593 1002 694 1069 sponte
713 1002 844 1069 apparet,
863 1005 1036 1072 quantopere
1050 1006 1176 1072 praestet
1189 1006 1347 1074 praedicari

167 1089 304 1159 unguenti
322 1090 442 1144 uirtutes
461 1089 610 1144 cumulatis
630 1089 793 1158 synonymis
810 1089 934 1145 ‘suauius
950 1090 1185 1161 elegantiusque’.
1216 1094 1348 1149 uidentur

142 1200 150 1218 ¹
168 1177 321 1248 igitu1·hic
339 1195 450 1249 quoque
470 1177 579 1233 librarii
599 1179 675 1247 ‘que’
699 1180 729 1232 et
749 1178 805 1232 ‘ue'
827 1179 994 1234 contudisse.
1016 1211 1047 1220 —
1069 1181 1116 1253 11,
1137 1182 1272 1246 renam
1291 1201 1346 1240 un·

168 1268 311 1335 guentuur
330 1268 425 1340 dabo,
444 1268 523 1336 quod
543 1282 626 1322 mese
646 1267 768 1336 puellus
786 1266 939 1324 donarunt
957 1269 1089 1325 Veneres
1109 1269 1345 1340 Cupidinesque.

168 1357 243 1425 quod
270 1374 325 1412 uon
353 1358 494 1425 homines,
526 1359 574 1412 sed
601 1357 631 1411 di
656 1356 781 1424 deaeque
807 1356 911 1412 amoris
937 1375 1033 1412 omnes
1056 1359 1113 1413 suis
1138 1359 1192 1429 ipsi
1215 1362 1345 1417 manibus

165 1446 291 1501 fecerunt
309 1447 390 1516 (adeo
415 1447 554 1502 duleitate
578 1446 674 1501 dulces
697 1461 793 1501 omnes
818 1464 895 1501 rores
914 1446 1068 1503 odoriferos
1092 1448 1191 1517 uincit)
1210 1449 1344 1505 Lesbiae·

165 1552 218 1604 que
237 1537 278 1590 eis
299 1537 478 1606 dignissimae
497 1537 635 1592 dederunt
652 1534 769 1590 muneri.
806 1535 935 1590 IVossius
955 1553 997 1606 cp.
1017 1537 1099 1592 Hom.
1115 1537 1166 1592 Od.
1181 1537 1275 1593 XVIII
1291 1547 1343 1595 192

165 1623 263 1681 11611111·
280 1624 332 1696 μέν
352 1623 382 1681 61
397 1626 495 1695 πρῶτα
510 1622 680 1695 προςῶπατα
701 1621 772 1677 aare
788 1625 917 1693 καθῆρεν
933 1620 1093 1699 ἀμβροσίῳ,
1112 1624 1343 1698 616161ρέ66τὲ-

165 1733 257 1784 φανος
286 1713 433 1784 Κυθέρεια
465 1717 586 1785 χρίεται,
615 1706 677 1768 εὖτ’
704 1709 742 1767 ἂν
771 1715 800 1784 ἴῃ
827 1717 956 1782 Χαρίτων
985 1711 1070 1783 χόρον
1099 1712 1250 1786 [precisum
1279 1735 1342 1774 cum

164 1804 289 1872 scholiis,
313 1806 417 1859 rectius
441 1804 582 1860 Mamilius
607 1821 649 1873 cp.
671 1802 856 1873 Prop.1129‚
877 1809 909 1857 16
928 1821 997 1873 quae
1015 1803 1158 1875 (Cynthia)
1181 1824 1241 1862 611111
1262 1807 1342 1863 Sido

163 1897 228 1948 111116
249 1901 386 1949 nocturna
409 1894 543 1963 lipamr'na
566 1895 664 1947 mitrae
686 1892 869 1957 soluerit...,
898 1893 1043 1960 6611666111
1066 1895 1119 1949 reor·
1140 1911 1197 1950 11611
1215 1897 1342 1952 Arabum

163 1985 196 2038 de
213 1985 338 2053 9161111116
355 1984 461 2052 odores,
480 1985 527 2038 sed
545 1998 611 2053 quos
629 1984 687 2052 ipse
705 1982 764 2035 61116
781 1981 845 2047 fecit
859 1981 946 2036 Aruer
962 1984 1104 2050 munibus,
1124 1984 1172 2038 ubi
1192 1985 1227 2040 cf.
1243 1986 1341 2041 Hertz-

164 2072 286 2142 bergius.
327 2072 434 2142 ‘dab0’‚
454 2071 513 2126 scil.
536 2073 564 2126 16
585 2070 716 2137 61661616,
736 2071 793 2124 siue
813 2087 915 2139 ponam
936 2071 1069 2127 conuiuis.
1107 2077 1271 2129 curantem
1290 2094 1340 2130 un·

164 2164 299 2231 guentam
324 2162 499 2233 potissimum
523 2164 567 2216 est
590 2160 705 2214 daturus
730 2157 777 2212 (1.1
813 2160 910 2213 tacent
933 2159 1112 2230 interpretes,
1136 2179 1187 2217 nos
1210 2163 1285 2218 iufra
1303 2167 1340 2220 ed

163 2251 234 2306 hanc
252 2251 503 2320 interrogationem
522 2250 689 2320 respondere
708 2246 880 2303 conabimur.
908 2252 1053 2303 recurrunt
1072 2251 1142 2306 haec
1163 2253 1249 2307 uerba
1270 2254 1340 2309 ‘Ve-

162 2358 242 2396 neres
261 2340 483 2412 Cupidinesque’
505 2339 543 2393 III
564 2346 592 2407 1,
616 2340 689 2393 6666
713 2338 910 2393 obseruatione
929 2355 976 2406 ea,
995 2355 1080 2408 quam
1103 2339 1158 2395 feci
1181 2344 1254 2398 anal.
1278 2341 1339 2400 cst.

161 2449 188 2500 p.
210 2437 243 2484 14
261 2430 323 2500 I‘ut
341 2446 437 2486 omnes
456 2429 582 2484 homiues
601 2447 650 2499 per
676 2428 793 2497 aliquod
817 2430 929 2497 tempus
953 2434 1030 2482 certa
1054 2429 1192 2484 uocabula
1210 2434 1339 2488 certasue

161 2520 315 2575 locutiones
334 2537 401 2588 prae
420 2520 483 2575 aliis
501 2521 638 2574 habemur
656 2518 684 2572 in
705 2517 826 2585 deliciis,
847 2535 911 2571 mox
930 2517 1066 2572 6111611666
1081 2517 1217 2588 nouisque
1236 2521 1338 2577 damus

160 2609 265 2675 Iocum,
284 2608 326 2662 ita
345 2608 486 2664 Catullum
505 2624 617 2677 quoque
635 2624 686 2677 per
704 2613 811 2661 eertum
832 2606 954 2676 aliquem
972 2606 1107 2676 temporis
1121 2610 1244 2663 tractum
1259 2610 1337 2666 uide-

160 2716 222 2751 mus
241 2696 323 2752 certis
342 2674 435 2752 uerbis
453 2715 534 2751 usum
554 2698 583 2750 in
602 2699 697 2766 eisque
716 2695 818 2749 iterum
837 2694 993 2763 iterumque
1010 2695 1169 2765 repetendis
1183 2698 1336 2755 admodum

160 2786 329 2841 delectatum
354 2786 453 2854 esse’),
478 2786 531 2839 hac
555 2784 670 2852 inquom
698 2780 893 2836 obseruatione
919 2800 984 2837 usus
1010 2782 1085 2838 circa
1107 2785 1179 2839 illud
1202 2787 1336 2856 spatium,

160 2892 215 2943 quo
239 2892 262 2929 c.
282 2875 323 2927 III
345 2878 389 2930 est
412 2873 560 2943 scriptum,
585 2874 644 2927 siue
668 2889 740 2926 6666
763 2871 821 2925 lere
846 2877 879 2924 61
903 2887 1004 2940 poema
1028 2875 1153 2927 nostrum
1175 2876 1336 2932 coniectum

159 2980 220 3019 esre
239 2967 341 3018 statuo.
362 2995 394 3004 -
416 2964 462 3036 16,
478 2963 526 3017 14.
545 2962 624 3030 quod
644 2962 676 3015 tu
696 2976 762 3015 cunr
777 2960 919 3030 61166166,
939 2961 1011 3017 deos
1026 2962 1165 3034 rogatu,
1184 2965 1284 3020 totum
1299 2969 1336 3022 nt

159 3055 189 3108 te
209 3052 338 3123 iaciunt,
357 3052 500 3122 Fabulle,
519 3066 635 3106 1166616.
665 3051 766 3105 ‘totum
786 3050 825 3104 te'
847 3051 913 3119 (uon
930 3051 1032 3105 ‘totum
1047 3053 1169 3122 nusum’)
1189 3053 1336 3112 cohaeret:

158 3144 191 3196 ut
212 3142 304 3196 totum
328 3158 427 3212 corpus
451 3143 531 3194 tuum
549 3141 600 3193 liat
618 3157 688 3193 unus
708 3138 912 3205 continuusque
930 3156 1029 3207 nasus,
1052 3143 1084 3194 nt
1102 3141 1233 3199 omnibns
1256 3144 1335 3202 illius

158 3227 257 3301 πόροις
281 3230 402 3301 recipias
428 3230 539 3284 dulcem
564 3229 646 3283 huius
670 3227 806 3297 unguenti
831 3227 951 3281 odorem.
990 3229 1030 3283 sic
1051 3230 1159 3286 ‘totns'
1184 3250 1234 3303 pro
1256 3234 1335 3290 ‘tote

159 3321 285 3390 corpore'
307 3319 388 3377 Ouid.
404 3321 467 3375 last.
483 3319 520 3372 IV
538 3323 588 3373 136
608 3323 664 3372 tota
683 3317 808 3371 leuando
827 3317 946 3383 666661,
967 3315 1003 3370 id.
1020 3319 1191 3385 6161140
1209 3324 1335 3380 candidu

157 3416 228 3477 6616,
247 3411 327 3465 Mart.
346 3409 398 3463 XII
418 3415 461 3479 81,
479 3415 497 3463 4
516 3414 546 3462 ut
565 3414 649 3462 totum
668 3407 840 3474 (1666161166
857 3407 1054 3461 6166166161.
1093 3407 1258 3466 Schwabins
1276 3429 1334 3469 non

159 3499 231 3555 male
247 3518 289 3570 ep.
304 3499 443 3570 Lessingii
457 3499 469 3551 I
484 3506 516 3553 61
532 3498 618 3552 uerba
634 3498 652 3550 ‘.
664 3539 670 3551 .
680 3496 737 3551 und
752 3495 797 3549 ein
812 3496 947 3549 schoenes
961 3494 1115 3551 maedchen
1131 3499 1206 3567 sebe,
1220 3503 1337 3558 moecht

156 3589 203 3644 ich
222 3591 314 3645 lauter
332 3607 403 3659 euge
423 3589 504 3644 sein'.
533 3587 653 3656 denique
674 3586 728 3640 ‘tu’
749 3585 876 3639 66611616
895 3583 932 3636 66
950 3585 1059 3653 pondue
1077 3587 1265 3645 adfirmationi
1283 3592 1334 3647 66-

156 3680 331 3746 struendum
349 3679 417 3733 Eun.
431 3696 494 3733 ann.
505 3684 539 3733 66
550 3678 582 3732 V.
598 3693 672 3730 111166
687 3677 739 3730 erit
748 3692 824 3744 qrsem
835 3681 866 3728 16
880 3674 955 3727 tolles
969 3675 1126 3731 1116661616
1141 3679 1210 3733 coeli
1223 3682 1334 3750 templu.

230 3767 361 3836 Superest
384 3770 416 3821 ut
438 3767 636 3835 disquiramus,
662 3768 751 3819 totum
772 3762 841 3832 quid
864 3761 917 3816 sibi
941 3763 1011 3818 uelit
1029 3782 1148 3822 carmen.
1186 3771 1219 3823 ut
1236 3771 1334 3824 mitta·

156 3871 217 3908 mus
241 3853 342 3909 falsam
367 3857 480 3910 omnino
499 3855 649 3910 FPassouii
674 3852 833 3924 opinionem
853 3851 1005 3920 (Catullum
1029 3854 1119 3910 616166
1143 3873 1177 3911 ex
1196 3855 1335 3926 Hispania

155 3942 277 3998 reditum
296 3945 438 3999 nuntianti
461 3946 504 4000 bis
524 3946 650 4000 uersibus
668 3942 857 4013 respondisse,
881 3943 915 3996 61.
935 3943 1098 3998 8611666166
1117 3963 1144 4013 q.
1163 3942 1192 4002 (l.
1211 3965 1238 4016 p.
1257 3953 1333 4019 141),

154 4033 281 4104 plerique
307 4033 378 4088 illud
397 4033 496 4089 dicunt
522 4052 583 4089 sese
606 4034 802 4087 incitationem
826 4032 861 4085 ad
886 4047 982 4084 666661
1007 4032 1187 4088 666161161616
1211 4032 1271 4090 siue
1295 4039 1332 4094 de

156 4125 337 4177 conuiuarum
352 4122 488 4192 symbolis
503 4126 681 4193 apparatam,
697 4138 780 4191 quarn
798 4119 899 4188 ἔρανον
914 4125 1016 4175 uocant
1031 4120 1142 4190 Graeei;
1157 4123 1192 4177 61.
1207 4125 1331 4198 interpp.

154 4212 190 4265 ad
210 4213 271 4266 Ter.
291 4210 377 4266 Andr.
397 4212 408 4265 I
431 4221 456 4281 1,
477 4220 524 4280 61,
549 4214 614 4267 Hor.
634 4214 677 4266 od.
698 4211 737 4264 III
759 4218 799 4275 17,
820 4217 909 4277 dsqq.
934 4212 964 4263 et
988 4211 1024 4264 IV
1046 4218 1091 4280 12,
1113 4219 1144 4268 17
1160 4231 1220 4282 sqq.
1258 4218 1331 4272 mihi

152 4317 243 4369 neque
261 4319 392 4357 uersuum
412 4303 488 4357 color
512 4303 569 4356 tule
589 4302 743 4371 quidquam
763 4298 875 4352 uidetur
898 4298 1023 4354 indicare
1046 4317 1136 4371 neque
1156 4319 1223 4359 uero
1240 4308 1332 4362 uerba

151 4389 269 4459 singula.
306 4408 357 4461 pro
377 4395 453 4449 66116
472 4393 568 4463 aliquo
587 4391 632 4447 die
652 4393 776 4458 horaque
795 4388 957 4443 constitutis
976 4389 1021 4459 (cI.
1041 4390 1108 4448 Η61.
1122 4391 1204 4463 epist
1223 4392 1282 4465 11,
1300 4399 1331 4469 8)
