2940 4912
605 321 888 381 rsoaueousus.
1293 326 1336 393 63
1430 282 1445 309 ⁵

143 495 416 556 adulescentulum
431 495 463 554 in
477 495 549 555 libri
563 496 735 571 catalepton
750 495 975 572 epigrammatis
985 490 1091 578 (PLM.
1102 497 1132 556 ΙΙ
1143 518 1170 574 p.
1184 500 1245 558 162
1258 490 1334 577 sqq.)

144 595 275 669 plurima
299 613 340 654 ex
365 596 425 655 bac
448 597 537 670 parte
560 593 762 670 adsumpsisse
785 593 922 654 uidemus
947 588 997 676 (cf.
1018 598 1156 657 Suessius
1176 597 1247 655 libri
1266 590 1333 656 ‘Ca-

145 686 288 752 tulliana'
315 713 348 768 p.
370 684 500 771 7sqq.).
546 710 581 750 eo
607 691 706 767 magis
735 693 843 752 mirum
867 696 960 768 esset,
984 693 1143 753 Horatium
1170 715 1230 754 nou
1258 713 1335 754 eom-

146 809 338 850 memorasse
357 809 513 850 summum
527 791 729 849 Romanorum
743 794 865 866 poetam
884 791 1012 867 lyricum
1030 792 1089 850 nisi
1109 793 1207 851 obiter
1225 796 1337 851 etcum
1367 810 1370 817 ·

146 889 279 964 quadam
295 889 447 948 inrisione
462 880 535 970 (set
549 887 565 946 1
581 890 631 964 10,
647 889 687 947 19
704 888 1338 964 (1111011111τί011111011111111110111111111
1373 927 1374 931 =

145 992 171 1045 et
191 989 300 1047 11011111
324 992 449 1046 camare
472 978 635 1064 (1111111111)
665 988 697 1045 et
718 986 793 1045 adeo
816 988 944 1047 oblitum
968 1005 1033 1046 esse
1055 1005 1280 1062 praecessorum
1303 990 1338 1045 ut

147 1086 297 1145 audacter
321 1085 384 1144 sibi
408 1085 593 1145 attribueret
615 1083 742 1162 gloriam
764 1084 864 1143 Aeolii
892 1085 1032 1144 carminis
1055 1083 1093 1144 ad
1116 1084 1210 1145 Italos
1233 1085 1337 1143 modos

147 1184 273 1243 deducti
303 1176 377 1264 (Od
401 1182 449 1243 111
473 1186 529 1256 30,
553 1185 612 1259 133
639 1182 724 1257 epist.
748 1180 764 1239 Ι
789 1185 843 1255 19,
869 1184 910 1242 23
940 1186 971 1242 et
999 1185 1039 1242 32
1056 1177 1148 1262 sqq.),
1176 1183 1236 1242 nisi
1261 1182 1338 1242 laesi

147 1281 267 1357 proprii
285 1281 405 1340 amoris
423 1281 576 1340 excusatio
596 1279 717 1339 caderet
733 1280 764 1338 iu
784 1298 865 1358 eum,
884 1280 935 1357 qui
954 1282 1011 1341 sibi
1031 1284 1167 1342 conscius
1186 1286 1252 1340 crat
1266 1281 1337 1357 lyri-

147 1400 253 1440 corum
277 1398 398 1459 genera
420 1378 516 1439 multo
539 1381 570 1438 et
589 1379 678 1454 plura
696 1380 727 1437 et
745 1378 858 1439 maiore
877 1396 943 1436 cum
964 1383 1031 1439 arte
1050 1380 1227 1439 excoluisse:
1247 1379 1338 1439 bilem

149 1480 249 1538 mouit
272 1477 422 1553 Horatio,
449 1477 502 1555 qui
530 1476 702 1552 ceteroquin
730 1472 780 1551 (ut
802 1475 882 1536 docti
910 1476 1030 1552 quidem
1058 1481 1165 1552 poetae
1188 1476 1338 1553 Augustei

148 1569 272 1657 amaea)
296 1576 425 1637 mdem
452 1574 484 1633 in
510 1574 595 1651 poesi
617 1592 737 1634 normas
766 1574 908 1649 legesque
936 1581 967 1633 et
995 1575 1178 1650 sequebatur
1205 1579 1237 1633 et
1259 1592 1336 1631 com·

148 1676 318 1735 abbat
344 1666 397 1756 (ci.
421 1690 513 1748 supra
536 1692 563 1748 p.
585 1673 640 1749 12,
665 1673 697 1730 et
713 1674 818 1731 contra
836 1692 940 1733 comm.
960 1673 997 1732 ad
1017 1672 1114 1731 LXIV
1134 1673 1165 1731 iu
1183 1663 1256 1752 fine)
1276 1673 1338 1747 qui-

150 1794 206 1849 que
228 1773 308 1833 lecti
338 1771 475 1832 studiose
498 1770 611 1830 Catulli
640 1770 769 1830 maxime
796 1771 827 1829 iu
851 1770 953 1846 epodis
982 1770 1069 1847 sigua
1091 1770 1224 1843 exhibet,
1249 1770 1339 1829 bilem

151 1874 278 1948 11111111
307 1871 341 1930 ei
368 1870 480 1946 mouit,
508 1868 587 1945 quod
616 1871 701 1927 tauto
727 1868 832 1927 fauore
854 1868 975 1944 publico
1002 1868 1179 1928 fouereutur
1207 1868 1340 1928 carmina

153 1969 270 2031 satulli
284 1967 438 2045 Galuique
452 1970 484 2026 et
501 1970 675 2026 conmissus
695 1965 790 2040 ipsius
809 1966 1043 2042 neglegerentur
1058 1960 1108 2045 (cf.
1123 1986 1215 2043 supra
1229 1986 1256 2042 p.
1274 1957 1339 2047 15),

154 2068 205 2127 aad
222 2069 286 2128 lroc
303 2064 484 2142 aequalium
506 2065 571 2124 eius
593 2064 736 2123 iudicium
754 2083 792 2123 ex
809 2067 896 2139 parte
917 2068 999 2124 certe
1017 2065 1249 2141 comprobauere
1267 2068 1340 2124 tem-

156 2182 229 2242 pora
246 2163 423 2241 sequentia
453 2163 537 2222 casui
555 2161 706 2237 adscribo,
724 2160 803 2236 quod
821 2161 854 2219 in
871 2162 1038 2237 parietibus
1056 2162 1246 2239 Pompeianis
1263 2161 1339 2220 nulli

157 2282 263 2324 sesua
287 2261 460 2322 Catulliani
487 2265 559 2320 suut
586 2260 706 2336 reperti.
753 2258 866 2319 Seneca
893 2260 1012 2335 utrique
1040 2279 1141 2319 amore
1168 2278 1263 2335 aequo
1291 2260 1340 2318 de-

161 2364 282 2423 uinctus
295 2378 361 2420 non
376 2359 475 2419 solum
493 2359 526 2417 in
539 2356 765 2434 epigrammatis
781 2350 887 2434 (PLM.
902 2357 945 2415 IV
960 2378 988 2433 p.
1005 2359 1046 2417 55
1062 2349 1153 2438 squ),
1174 2360 1225 2417 sed
1245 2359 1294 2416 uel
1307 2359 1338 2416 iu

161 2458 330 2537 bagoediis
345 2456 428 2517 baud
441 2475 510 2516 raro
526 2455 637 2516 Catulli
652 2455 826 2515 memoriam
841 2456 927 2515 uobis
942 2456 1070 2515 suscitat
1085 2450 1134 2535 (cf.
1146 2457 1184 2514 ad
1198 2455 1296 2514 XXXI
1310 2459 1339 2531 b,

160 2557 287 2618 XXXIV
314 2549 383 2636 15).
429 2557 461 2615 11
483 2553 642 2614 Petronius
665 2553 786 2613 Horatii
813 2554 961 2613 curiosam
985 2555 1161 2613 felicitatem
1185 2573 1201 2612 e
1223 2554 1340 2631 longiu-

163 2678 216 2733 quo
233 2655 410 2716 admiratus
429 2652 460 2710 in
474 2651 537 2711 suis
551 2653 723 2727 poematiis,
738 2671 815 2727 quae
830 2652 931 2711 satiris
945 2653 1101 2730 inspersit,
1117 2651 1228 2712 Catulli
1243 2657 1340 2713 metra

163 2757 281 2833 saepius
309 2751 460 2812 adhibuit.
507 2753 539 2809 et
565 2750 707 2825 quidquid
738 2749 861 2808 Caesius
885 2738 1007 2809 Bassus
1023 2751 1183 2810 Horatium
1212 2752 1340 2828 lyricum

165 2855 301 2913 laudibus
315 2850 429 2910 extulit
443 2842 494 2927 (ex
507 2848 592 2908 errius
606 2848 715 2907 iudicio
732 2848 843 2923 pendet
857 2847 1058 2917 Quintilianus
1073 2849 1100 2906 X
1118 2853 1145 2925 l,
1161 2853 1201 2909 96
1217 2850 1340 2913 mirifice

165 2953 317 3011 t'atullnm
341 2967 411 3007 cum
430 2946 574 3006 Bibaculo
597 2950 632 3004 ut
655 2946 905 3022 iambographum
925 2948 1051 3005 laudans
1070 2948 1189 3023 iamque
1212 2967 1340 3023 pergens

166 3058 192 3109 at
216 3053 381 3124 minonem
408 3047 484 3104 idem
506 3046 652 3103 Horatius
682 3046 742 3116 scre
770 3046 824 3118 tegi
852 3036 985 3125 dipsas),
1014 3046 1207 3105 scholasticos
1235 3064 1340 3122 parum
1365 3044 1373 3058 ’

167 3150 347 3208 annerum
365 3144 418 3220 qui
436 3143 589 3220 ingenium
609 3142 667 3200 arti
687 3143 903 3217 praetulerunt.
937 3143 1106 3202 Martialem
1125 3163 1241 3204 summo
1261 3146 1340 3203 uatis

168 3246 346 3307 Veronensis
369 3261 473 3301 amore
495 3242 752 3316 admirationeque
775 3242 952 3316 flagrantem
976 3259 1083 3299 uocare
1102 3243 1198 3316 possis
1221 3248 1341 3317 poetam

169 3346 384 3405 Catullinum:
409 3341 482 3400 adeo
506 3341 686 3415 exemplaris
711 3339 758 3398 sui
781 3342 876 3398 scatet
900 3342 931 3396 et
955 3338 987 3396 in
1009 3338 1081 3396 totis
1105 3339 1286 3397 carminibus
1311 3344 1342 3397 ct

170 3442 347 3519 nsingulis
370 3439 444 3498 locis
471 3443 535 3497 tam
557 3437 777 3496 imitationibus
806 3456 895 3512 quam
919 3436 1190 3509 recordationibus,
1214 3437 1287 3495 adeo
1312 3440 1343 3494 et

172 3543 283 3619 ingenio
304 3544 338 3599 et
356 3556 462 3597 uersus
482 3537 627 3596 condendi
647 3535 791 3594 facilitate
814 3555 882 3593 eum
904 3536 994 3610 longo
1018 3535 1158 3593 nimirum
1182 3535 1342 3593 interuallo

173 3642 313 3716 spuitur,
343 3636 381 3698 cf.
404 3634 648 3693 RPaukstadtiue
677 3634 707 3692 iu
736 3634 948 3692 dissertatione
972 3632 1107 3691 Hellensi
1132 3634 1263 3691 11876
1289 3626 1342 3691 ‘de

175 3738 303 3797 Xartiale
325 3734 439 3794 Catulli
457 3725 621 3791 imitatore’
643 3723 824 3811 (AZiugerle
847 3732 878 3788 in
901 3731 1003 3790 libello
1028 3724 1180 3789 ‘Martiale
1203 3729 1343 3790 Ovidstu-

104 3866 106 3875 ·
176 3830 259 3906 tien’,
283 3833 399 3906 Oenop.
426 3832 519 3904 1877,
547 3850 575 3906 p.
596 3823 640 3909 6).
687 3829 802 3887 Plinius
830 3829 928 3888 iunior
955 3833 990 3887 ut
1016 3830 1095 3888 iuter
1123 3830 1184 3888 elia
1211 3831 1344 3889 carmina

178 3936 255 3992 erim
278 3933 327 3990 bis
352 3922 473 4004 ‘nugis'
498 3947 620 4003 operam
647 3926 744 4001 dedit,
767 3945 841 4002 quas
866 3928 1020 4003 inscripsit
1043 3921 1342 4004 ‘hendecasyllabos'

180 4030 224 4087 dv
244 4034 297 4106 14,
315 4029 368 4088 ubi
388 4026 408 4099 ξ
428 4029 446 4086 3
470 4026 838 4092 11111οω11111,11111111111,
859 4045 1005 4092 aoracum,
1025 4028 1166 4092 1101111111,
1186 4030 1342 4098 (1111111111,

184 4133 338 4194 curemur,
366 4127 553 4184 describimus
581 4126 692 4197 atiqaid
719 4126 802 4183 110110
824 4127 957 4198 1111111111
985 4126 1068 4183 artorio
1098 4118 1214 4201 11111111)
1239 4127 1343 4198 aperte

185 4223 321 4287 Catullum
345 4241 472 4299 sequeus
496 4216 580 4302 (ibid.
605 4222 625 4298 ἓ
650 4219 699 4303 5),
727 4223 771 4280 ita
793 4222 866 4281 alibi
890 4217 946 4300 (1V
972 4217 1028 4302 27)
1052 4227 1157 4281 narrat
1182 4222 1218 4279 de
1242 4221 1343 4281 Sentio

188 4320 250 4399 triae
275 4317 375 4398 Serio)
402 4321 572 4398 Augurino,
600 4322 652 4397 qui
680 4322 710 4380 in
739 4313 917 4396 ‘poematis'
948 4322 1003 4380 hoc
1030 4320 1158 4395 protulit
1185 4322 1343 4400 specimen,

190 4423 432 4495 110111101111
454 4420 663 4480 emendatione
686 4419 900 4478 adscribemus:
