2940 4912
630 295 716 350 LXIV
735 300 778 351 83.
1220 294 1286 361 369

116 452 304 523 ‘admodum’)
332 452 397 508 inde
425 454 461 509 ab
489 453 690 523 antiquissimis
718 453 891 523 temporibus
918 457 961 520 (ut
988 471 1098 525 semper
1124 455 1182 511 fere
1210 458 1285 526 apud

114 543 247 612 comicos)
271 559 359 612 usque
382 542 419 596 ad
442 545 596 612 postrema,
625 541 726 610 quibus
750 546 844 596 tamen
867 542 957 612 magis
980 545 1125 614 magisque
1149 545 1198 600 ille
1220 563 1285 599 usus

114 631 254 686 increbuit
271 631 328 685 iam
347 632 422 702 apud
441 631 547 700 priores
567 630 613 685 hic
631 630 690 685 illic
709 630 809 686 obuius
828 631 966 700 facileque
986 649 1019 688 ex
1037 637 1139 688 natura
1156 633 1286 688 uocabuli

114 721 305 792 explicandus,
324 737 379 789 quo
398 719 573 790 significatur
586 737 667 774 omne
682 721 756 789 quod
771 720 884 774 modum
898 720 1016 775 excedit.
1053 721 1129 791 apud
1144 721 1284 776 Catullum

115 811 249 880 primaria
271 811 349 865 notio
372 810 519 879 praeualet
542 811 600 879 (XL
620 816 650 878 4,
673 809 735 864 LVI
758 816 789 877 4,
813 809 901 865 LXIII
926 816 968 878 18,
993 817 1036 879 38,
1060 817 1107 878 80,
1125 809 1218 864 ⁴LXIV
1242 816 1285 879 88,

114 898 203 955 XCIII
224 908 246 966 1,
266 897 381 968 1111),
401 899 595 955 secundariam
614 900 700 954 habes
717 899 753 952 LI
776 906 815 966 14,
834 899 881 954 LX
901 906 926 967 t,
945 899 1034 954 LXIII
1052 905 1096 968 80,
1114 898 1202 954 LXIV
1225 905 1286 966 160,

114 986 243 1042 LXVIIIb
257 994 305 1055 9⁷3
321 987 355 1043 de
371 987 511 1044 Ciceronis
525 1006 577 1042 usu
592 988 727 1043 nonnulla
741 989 866 1058 conlegit
879 988 1018 1059 Hauptius
1033 1006 1126 1060 opusc.
1142 990 1167 1043 II
1182 1008 1208 1059 p.
1223 994 1285 1043 487.

116 1077 251 1132 ‘saconia‘
281 1076 327 1132 hic
352 1081 417 1132 sunt
438 1079 501 1133 tota
524 1078 664 1132 uariorum
688 1077 832 1132 hominum
856 1094 990 1148 generum
1015 1079 1101 1134 series
1122 1078 1182 1133 slne
1205 1094 1286 1132 omne

115 1184 217 1222 aenum
241 1167 434 1237 praeteritum,
459 1184 493 1222 ex
516 1183 572 1236 quo
595 1171 701 1222 certum
724 1167 865 1235 quoddam
888 1168 1023 1237 spatium,
1047 1170 1117 1238 puta
1135 1166 1286 1235 heroicum,

115 1255 248 1310 eximitur
271 1256 327 1311 iam
350 1273 401 1326 per
423 1256 494 1311 illud
520 1257 619 1311 ‘nimis
643 1260 742 1328 optato
760 1256 919 1327 tempore’‚
943 1257 1025 1325 quale
1045 1255 1140 1311 miseri
1162 1261 1195 1310 ut
1211 1273 1286 1310 nunc

116 1347 182 1399 sant
200 1343 333 1400 mortales
351 1344 443 1399 redire
462 1345 662 1415 concupiscant
676 1346 721 1415 (de
735 1344 795 1400 eius
809 1344 886 1402 modi
900 1343 975 1399 uotis
989 1362 1056 1400 sane
1070 1361 1153 1415 quam
1168 1344 1287 1416 poeticis

116 1433 181 1486 aide
198 1431 303 1501 Lydiae
322 1452 347 1488 u.
369 1434 662 1505 7411111.,111)ἰ111111
679 1433 823 1504 Naelxins).
859 1434 1005 1504 ‘optatus'
1025 1436 1119 1490 autem
1138 1435 1187 1490 ubi
1206 1435 1286 1490 abso·

115 1521 175 1575 luta
200 1538 291 1589 neque
315 1525 408 1577 certae
431 1539 566 1592 personae
590 1523 697 1592 aliquid
721 1523 845 1594 optantis
868 1523 928 1577 siue
952 1522 1136 1579 desiderantis
1158 1526 1286 1594 respectu
1327 1543 1332 1552 ·

116 1609 239 1680 ponitur,
257 1613 301 1666 est
316 1612 423 1681 ‘gratus
442 1611 654 1682 iucundaeque,
673 1612 816 1668 utstatim
836 1631 863 1667 u.
878 1618 925 1678 313
943 1630 999 1667 non
1013 1612 1097 1683 plene
1112 1612 1287 1669 dissimiliter

116 1699 152 1754 de
171 1702 266 1755 aetate
280 1701 394 1756 heroice
407 1701 487 1772 Prop.
507 1701 520 1754 I
538 1708 563 1769 4,
584 1708 598 1756 7
612 1703 725 1769 somnust
739 1703 866 1772 temporie
880 1707 955 1758 aetas
969 1704 999 1755 et
1012 1699 1153 1756 Catullum
1167 1702 1286 1757 tortasse

116 1788 153 1844 ob
177 1791 273 1844 oeulos
298 1791 405 1846 habens
424 1791 507 1861 Verg.
527 1792 595 1846 Aen.
617 1790 653 1845 Vl
671 1796 723 1846 149
746 1792 919 1862 magnanimi
940 1792 1030 1846 1111111
1050 1792 1113 1846 nati
1129 1791 1287 1846 111ῑὶ111111

116 1881 207 1934 annu.
229 1910 261 1919 -
281 1879 329 1935 88.
348 1880 457 1936 heroes
476 1881 592 1936 saluete
611 1881 699 1936 deum
718 1896 824 1949 genus,
843 1894 861 1936 o
881 1881 959 1936 bona
976 1881 1085 1935 mater.
1123 1880 1236 1949 ‘salua’,
1254 1881 1287 1934 ut

115 1969 177 2021 erat
201 1968 230 2021 in
253 1969 313 2022 uita
335 1967 490 2024 cottidiana
513 1969 596 2024 solita
625 1971 706 2024 notos
735 1969 896 2038 amicosque
923 1967 1065 2022 salutandi
1091 1967 1223 2036 formula,
1246 1968 1288 2024 ita

115 2056 143 2109 in
161 2056 240 2127 poesi
255 2055 406 2111 adhibetur
424 2058 453 2111 in
472 2058 601 2112 sollemni
621 2075 731 2127 quaque
751 2058 874 2112 animum
894 2057 1121 2133 uenerabundum
1142 2057 1289 2112 declarant

115 2148 196 2201 uates
224 2146 403 2202 adlocutione
436 2147 565 2214 (fortasse
593 2147 751 2203 imitatione
781 2148 1044 2202 Alexandrinorum:
1076 2146 1167 2216 Apoll.
1198 2146 1286 2201 Rhod.

116 2234 152 2288 IV
174 2236 269 2305 1771),
293 2237 326 2288 11
349 2236 423 2306 apud
445 2235 525 2306 Verg.
545 2237 613 2291 Aen.
633 2236 699 2291 VIII
717 2244 768 2292 301
791 2239 869 2292 salue
891 2254 958 2291 uera
978 2237 1058 2291 Iouis
1077 2237 1182 2305 proles,
1206 2236 1287 2290 111111

117 2324 210 2379 addite
227 2324 316 2389 diuia3
341 2326 370 2379 et
387 2324 530 2379 iterabant
548 2324 675 2379 saluendi
695 2325 824 2390 uerbum,
849 2327 966 2379 athen.
986 2324 1012 2379 V
1031 2326 1173 2391 theclae,
1195 2330 1287 2380 cauete

112 2429 232 2480 pareus,
260 2414 359 2468 iterum
386 2415 487 2469 calueto
509 2417 609 2483 recepti
631 2416 795 2485 nequiquam
818 2415 920 2468 1111111
943 2415 1103 2483 animaeque
1124 2415 1287 2484 umbraeque

113 2506 249 2569 pateruae
267 2503 312 2572 (cs.
332 2507 362 2558 et
380 2502 447 2558 ibid.
465 2502 517 2556 VH
538 2504 608 2572 180).
646 2520 679 2558 11
698 2507 792 2558 antem
812 2502 895 2557 modo
914 2502 1058 2572 conpellat
1076 2504 1161 2572 poeta
1179 2503 1286 2569 heroas,

116 2591 147 2642 nt
171 2606 223 2659 per
249 2591 376 2660 epitheta
403 2592 484 2646 huius
510 2592 623 2646 honoris
641 2590 742 2646 reddat
760 2591 912 2647 rationem:
939 2590 1060 2661 primam
1084 2594 1149 2645 sunt
1171 2591 1285 2645 deorum

117 2677 229 2748 ‘genas'
250 2680 309 2734 siue
333 2680 426 2749 proles
447 2681 521 2751 (LXI
545 2682 586 2750 8),
606 2681 632 2736 h.
658 2698 681 2735 e.
706 2679 823 2734 semidei
846 2681 892 2749 (cf.
917 2680 1004 2735 schol.
1025 2680 1061 2734 ad
1079 2678 1287 2746 Η111.ΙΙ.Ι4,

118 2767 147 2821 Il.
163 2767 213 2822 XII
228 2774 262 2822 88
282 2764 411 2838 ἡμιθέων
431 2767 514 2839 γένος
532 2766 653 2837 ἀνδρῶν,
672 2768 785 2825 Hesiod.
806 2767 862 2837 ἔργ.
884 2775 944 2836 188,
963 2768 1055 2839 Apoll.
1070 2768 1160 2823 Rhoe.
1181 2767 1286 2824 lilaea

119 2859 231 2924 11408,
253 2855 429 2911 Burmannus
454 2859 536 2913 catal.
556 2858 707 2928 Argonaut.
732 2857 761 2911 in
780 2856 877 2912 Valeri
896 2855 991 2911 Flacci
1014 2856 1161 2927 editiono);
1186 2857 1287 2913 deinde

119 2944 269 2999 laudantur
288 2946 323 3000 ob
338 2946 416 3001 aliud
430 2945 545 3015 aliquid,
566 2947 640 3016 quod
654 2946 725 3001 latet
739 2945 767 3000 in
782 2946 875 3001 uerbis
890 2945 1028 3017 corruptis
1045 2948 1073 3001 ‘o
1088 2947 1162 3001 bona
1175 2947 1287 3003 mater'.

117 3049 188 3101 quae
206 3034 294 3088 uerba
312 3034 379 3088 olim
399 3035 604 3106 ineptissimam
623 3052 763 3105 quamque
782 3034 1042 3105 interpretationem
1061 3052 1144 3105 pessa
1158 3051 1286 3090 essenon

118 3121 275 3177 mirandum
298 3128 353 3189 est,
377 3123 514 3191 siquidem
539 3142 606 3179 nera
629 3124 740 3178 demum
764 3125 810 3178 lux
835 3124 875 3179 eis
894 3123 1112 3185 adfulsiteditis
1131 3124 1167 3178 ab
1187 3123 1287 3179 AMaio

118 3210 230 3267 scholiis
249 3209 367 3281 Vergilii
387 3213 600 3281 Veronensibus,
620 3214 668 3267 ubi
687 3214 723 3267 ad
743 3216 810 3269 Aen.
830 3213 855 3266 V
874 3219 909 3267 80
927 3214 998 3268 haec
1013 3211 1119 3268 Catulli
1138 3212 1288 3268 laudantur

119 3297 237 3354 ‘saluata
261 3300 344 3354 deum
368 3318 448 3371 gens,
473 3320 489 3356 o
512 3303 586 3357 bona
609 3306 729 3357 matrum
749 3304 910 3372 progenies,
933 3303 1039 3357 saluata
1057 3303 1123 3356 iter’
1145 3305 1288 3372 (sequente

117 3386 172 3442 iam
196 3388 224 3443 in
249 3387 346 3444 codice
371 3391 490 3459 lacuna).
528 3409 599 3460 quae
623 3392 669 3446 ubi
689 3390 809 3446 Orellius
832 3391 866 3446 ad
893 3394 1017 3445 nostrum
1037 3390 1129 3446 locum
1148 3392 1288 3460 pertinere

117 3477 204 3532 semel
227 3476 307 3547 dixit,
327 3480 403 3534 docti
422 3497 477 3534 uno
496 3479 596 3535 Ellisio
620 3480 750 3535 nimirum
770 3484 885 3549 excepto
905 3497 1000 3534 omnes
1019 3496 1077 3533 rem
1096 3482 1224 3548 apertam
1242 3496 1287 3534 ac·

118 3571 259 3636 ceperunt.
297 3567 368 3622 lenis
392 3571 435 3624 est
452 3568 642 3639 discrepantia
660 3570 688 3623 in
707 3586 749 3636 1ο,
769 3568 843 3636 qnod
863 3566 1016 3623 scholiasta
1036 3568 1129 3621 ‘deum
1148 3570 1239 3637 gens'‚
1263 3568 1287 3624 V

118 3653 212 3710 ‘deum
228 3656 327 3725 genns'
343 3658 472 3726 praebet:
491 3657 545 3713 hoc
560 3657 626 3727 quin
641 3659 748 3712 rectum
763 3657 802 3710 sit
815 3674 870 3711 non
885 3656 1054 3723 dubitamus,
1070 3673 1132 3710 cum
1146 3673 1200 3711 non
1215 3656 1287 3711 bene

116 3743 276 3815 lladuigius
296 3744 344 3816 [ad
364 3746 419 3801 Cic.
440 3747 474 3802 de
494 3748 540 3801 fin.
559 3746 585 3799 V
604 3752 638 3801 65
657 3766 683 3817 p.
705 3746 768 3817 781]
790 3746 879 3815 ‘gens’
901 3762 951 3815 pro
971 3762 1004 3800 eo
1023 3745 1097 3813 quod
1116 3747 1158 3799 est
1174 3746 1285 3815 ‘genus’

116 3832 170 3887 dici
189 3850 272 3904 posse
293 3835 469 3890 contenderit
487 3835 523 3889 ad
543 3852 628 3889 unum
648 3836 740 3889 locum
760 3834 878 3904 Vergilii
898 3832 977 3905 [Aen.
996 3832 1022 3887 X
1040 3834 1104 3904 888]
1124 3837 1287 3904 corruptum

116 3939 272 3991 prouocans
287 3926 388 3992 (neque
403 3925 476 3979 enim
489 3925 568 3995 ‘gens
583 3925 716 3979 humana'
730 3925 766 3979 ad
780 3928 857 3994 11111).
882 3923 971 3978 maior
985 3921 1137 3977 difficultas
1151 3922 1180 3977 in
1195 3923 1287 3979 uerbis

117 4009 146 4065 ‘o
155 4011 230 4067 bona
244 4013 365 4067 matrum
376 4014 547 4082 progenies',
559 4013 606 4068 ubi
619 4013 652 4080 V,
663 4020 694 4068 ut
708 4014 775 4079 dixi,
788 4014 899 4068 ‘mater’
914 4031 975 4068 cum
988 4012 1068 4067 uaria
1082 4011 1202 4066 lectione
1218 4013 1286 4067 ‘ma-

117 4099 169 4154 tre’
185 4100 279 4157 habet
299 4103 329 4157 et
341 4102 454 4157 ‘mater’
467 4103 578 4170 quidem
590 4101 708 4157 omissus
722 4118 804 4171 quem
819 4104 874 4156 iam
889 4101 1114 4171 recuperauimus
1127 4119 1224 4155 uersus
1239 4101 1287 4157 de-

117 4191 254 4245 monstrat
271 4208 290 4246 a
308 4197 463 4248 correctore
482 4192 657 4262 prouenisse,
677 4197 709 4246 ut
725 4191 858 4247 euaderet
871 4191 967 4259 aliqua
980 4190 1079 4245 saltem
1094 4191 1153 4244 ueri
1168 4191 1286 4261 species3

118 4277 196 4332 uaria
217 4281 311 4335 antem
336 4280 419 4335 lectio
445 4281 557 4351 ‘matre'
582 4297 632 4352 per
655 4297 685 4334 se
704 4281 802 4351 inepta
821 4297 957 4349 sensaque
976 4280 1049 4334 iusto
1068 4279 1205 4335 destituta
1222 4282 1289 4337 ficta

118 4382 178 4421 1111
197 4370 302 4438 nequit,
321 4388 386 4424 num
406 4387 440 4425 ex
460 4370 604 4425 ‘matrum’
621 4373 753 4440 corrupta
766 4370 805 4425 sit
818 4371 873 4425 iam
889 4369 1081 4438 disquiremus.
1119 4369 1286 4427 scholiastae

172 4465 301 4510 01111111
316 4470 350 4510 sd.
365 4470 487 4510 Baehrens.
514 4469 547 4509 11.
1039 4464 1073 4513 24
