2940 4912
192 291 257 356 602
604 289 678 345 cxll
698 295 775 345 1-a.
813 289 943 346 cx1111.

191 464 311 521 parere.
354 451 399 505 ‘ex
422 451 534 521 palruo’
560 468 578 505 a
602 451 743 507 ‘matrem’
769 451 884 522 pendet:
910 449 1040 506 Aufilcna
1064 450 1101 506 ab
1125 450 1186 522 ipso
1210 451 1369 522 patrissui

192 540 278 595 fratre
298 542 358 595 erat
376 543 468 597 maier
485 542 570 609 facta,
590 540 656 596 hinc
674 540 747 596 filios
766 541 821 596 sibi
839 545 996 612 pepererat,
1015 540 1064 609 qui
1083 541 1168 596 simul
1185 540 1247 598 cius
1264 543 1369 600 staua

193 630 263 700 (scil.
288 628 442 701 patrueles)
465 633 566 686 essent.
609 647 643 685 ex
666 631 726 685 iure
751 630 873 686 naturali
895 633 966 687 haec
989 649 1055 687 curn
1076 635 1179 702 patruo
1202 631 1367 688 commixtio

190 721 235 787 (ut
252 735 286 774 ex
308 718 369 774 iure
388 718 467 774 ciuili
492 719 654 775 conubium:
679 720 713 776 cf.
734 720 810 776 Suet.
831 718 928 776 Claud.
947 727 998 792 28,
1020 722 1137 777 Rcinius
1159 721 1227 777 libri
1245 720 1366 778 ‘Prisce

191 809 280 864 rechb‘
308 826 336 878 p.
355 811 419 878 405)
450 810 511 863 crab
536 809 681 864 incestum.
725 809 820 880 inepte
846 809 963 865 Ellisius
988 811 1084 881 putat,
1116 810 1276 868 Aufilenam
1302 828 1368 867 cum

190 897 276 953 fratrc
299 913 348 952 suo
372 895 404 966 (C
431 902 457 968 1)
480 915 538 953 rem
562 898 707 966 habuisse;
732 900 763 953 at
785 898 832 953 hic
855 917 911 954 nou
936 900 1076 969 ‘patruus’
1107 900 1157 955 sed
1185 899 1365 955 ‘auunculus’

189 986 278 1058 prolis
297 1005 330 1042 cx
349 988 403 1042 hoc
427 989 534 1043 incesto
553 989 638 1044 natae
658 990 731 1044 esses
749 989 849 1043 lactus.
886 988 945 1045 sine
964 988 1050 1043 dubio
1069 991 1156 1059 poeta
1173 988 1220 1045 hic
1238 989 1369 1058 sequium

189 1093 315 1132 rumores
333 1076 466 1143 incertos,
490 1074 592 1145 quibus
612 1075 660 1146 qui
685 1078 767 1132 orani
784 1077 928 1132 Aufileuae
946 1076 1030 1132 liberi
1052 1094 1107 1133 nou
1126 1077 1237 1147 auito,
1260 1079 1312 1136 aed
1328 1081 1369 1137 ab

191 1165 280 1236 ipsius
299 1167 400 1235 patruo
419 1165 508 1236 geniti
532 1165 705 1221 dicebantur.
746 1167 865 1237 ‘parere’
887 1165 995 1222 omittit
1012 1167 1050 1233 V;
1069 1165 1172 1222 rectius
1190 1167 1245 1222 hec
1262 1166 1294 1221 in
1311 1167 1368 1224 fiae

190 1252 256 1309 addi
276 1271 361 1324 quam
379 1271 443 1309 cum
461 1254 526 1310 aliis
545 1255 626 1311 Italis
645 1255 730 1311 scribi
751 1256 795 1311 ‘fr
810 1256 921 1312 efficere
935 1273 969 1311 ex
982 1257 1095 1327 patruo’
1112 1255 1264 1324 eimiliaue,
1282 1257 1368 1314 docet

190 1344 264 1399 oxu
285 1351 299 1399 1
318 1344 418 1400 itidem
436 1345 466 1399 in
485 1344 540 1400 fine
558 1347 719 1401 lacunoeus:
739 1361 837 1415 margo
855 1346 1003 1416 archeiypi
1021 1346 1067 1402 hic
1086 1348 1148 1403 erat
1165 1345 1319 1402 abscissus.

728 1483 829 1556 om

263 1610 296 1683 1,
322 1611 352 1667 2.
378 1610 493 1668 lullum
520 1613 610 1668 bomo
634 1626 682 1684 cs,
709 1613 801 1685 Naso,
827 1625 925 1681 neque
950 1613 1048 1670 meum
1076 1612 1190 1670 rnulbns
1215 1614 1306 1671 bomo
1331 1649 1367 1672 ·.

190 1699 359 1758 descendit:
388 1700 465 1757 Naso
485 1701 599 1758 mullus
617 1716 650 1757 es
668 1704 701 1757 et
717 1702 868 1772 pathicus.
904 1703 959 1758 hoe
978 1703 1212 1773 epigrammatica
1230 1703 1366 1759 difficilli-

190 1807 266 1843 mum
285 1792 330 1845 est
348 1791 497 1861 propterea
520 1792 596 1861 quod
614 1791 753 1847 nescimus
772 1791 835 1861 quie
859 1791 944 1847 luerit
962 1791 1038 1849 Naso
1060 1792 1107 1862 (de
1126 1794 1181 1847 hcc
1200 1793 1365 1863 cognomine

192 1882 238 1935 sat
256 1880 396 1949 frequenti
417 1880 450 1936 cf.
471 1879 568 1949 Pauly,
587 1879 702 1951 Encycl.
721 1879 787 1935 real.
807 1878 833 1932 V
851 1898 880 1949 p.
899 1884 971 1950 421).
1008 1879 1216 1935 adlocutionem
1244 1880 1305 1937 lieri
1329 1882 1365 1937 sd

192 1971 348 2040 Nasonem,
372 1969 499 2025 clausula
521 1971 614 2040 aperie
637 1969 720 2037 (unde
743 1968 879 2024 eradium
902 1984 928 2021 u.
951 1975 964 2023 1
990 1969 1054 2024 ‘est’
1078 1972 1155 2025 recte
1173 1968 1239 2025 leui
1262 1970 1292 2025 in
1311 1971 1362 2026 ‘es’

190 2060 354 2127 mutauere).
399 2058 449 2114 sed
477 2057 621 2114 obscurius
645 2062 689 2113 est
714 2058 787 2113 illud
817 2058 965 2126 ‘multus‘,
993 2057 1023 2112 iu
1049 2075 1105 2128 quo
1132 2059 1209 2113 lusus
1236 2059 1364 2115 uertitur.

189 2148 287 2219 procul
313 2149 435 2204 arcenda
460 2151 504 2204 eet
529 2148 617 2205 diclio
645 2149 781 2204 ‘mullum
807 2165 866 2204 esee
891 2148 922 2203 in
946 2148 1043 2217 eliqua
1067 2149 1123 2216 re’,
1148 2149 1177 2204 h.
1195 2166 1220 2204 e.
1245 2150 1364 2207 mulam

190 2253 306 2307 operam
325 2237 352 2293 ei
370 2237 438 2293 dere
458 2238 633 2307 (Kuehnerus
651 2257 692 2308 gr.
711 2236 730 2293 1.
750 2238 777 2292 II
799 2257 826 2308 p.
847 2240 923 2306 177),
947 2238 1080 2307 quoniam
1098 2236 1145 2293 hic
1168 2237 1204 2293 de
1226 2239 1365 2308 qualitate

192 2328 313 2397 quadam
332 2327 438 2397 agilum
462 2328 536 2383 unde
555 2328 643 2383 etiam
667 2326 799 2382 Astatius
823 2326 929 2382 frustra
947 2343 990 2397 cp.
1011 2326 1092 2382 Ouid.
1111 2344 1167 2382 am.
1186 2327 1261 2396 114,
1280 2335 1316 2383 84
1334 2330 1366 2385 iss

189 2422 244 2472 toto
263 2418 350 2472 malla
367 2418 456 2472 iacere
473 2423 546 2485 toro,
564 2417 614 2471 ubi
634 2417 746 2472 ‘multa‘
767 2416 931 2473 inlustratur
949 2433 1000 2487 per
1016 2416 1124 2473 ‘iacet’.
1153 2433 1244 2485 neque
1259 2417 1365 2473 locutio

192 2506 264 2561 ‘aesc
287 2505 440 2562 multorum
462 2506 619 2563 hominum’
646 2506 799 2576 quidquam
826 2505 948 2575 prodest.
990 2506 1075 2579 unica
1099 2503 1269 2561 defendendi
1291 2507 1365 2563 ratio

189 2596 271 2666 patet
288 2611 305 2648 a
323 2595 393 2650 locis
411 2596 509 2651 Afrau.
528 2612 599 2651 com.
619 2596 719 2650 20111.
738 2596 827 2650 multe
844 2611 878 2649 ac
895 2595 1019 2664 molesta,
1038 2592 1129 2648 Plaub
1149 2592 1223 2649 lien.
1242 2595 1269 2648 ll
1289 2600 1315 2662 2,
1329 2602 1363 2650 41

190 2685 325 2740 bominem
349 2686 464 2740 mallum
487 2686 670 2752 obediemus,
695 2680 752 2738 Cic.
776 2683 803 2737 d.
830 2699 869 2737 or.
893 2681 919 2735 ll
942 2687 973 2750 4,
994 2682 1026 2737 ll
1050 2685 1080 2737 el
1100 2681 1126 2734 11
1145 2687 1190 2751 ⁸⁷,
1208 2687 1260 2738 358
1283 2685 1315 2738 ia
1336 2701 1366 2740 re

189 2778 256 2829 cota
269 2775 371 2830 madae
384 2779 409 2830 et
425 2775 554 2843 insolesce,
569 2772 680 2844 Vopisc.
696 2773 789 2829 Aurcl.
805 2777 830 2840 8,
845 2778 874 2826 3:
891 2771 1014 2841 loquar,
1028 2771 1169 2840 garrulus’
1186 2771 1216 2825 in
1230 2772 1274 2827 bis
1288 2773 1366 2829 ualet

189 2880 244 2919 uox
262 2862 320 2919 illa.
352 2863 431 2919 lusus
449 2864 536 2935 igitur
554 2864 613 2919 hic:
633 2864 723 2917 multa
741 2878 852 2933 semper
870 2878 974 2928 narras,
994 2861 1079 2928 Nece,
1097 2877 1150 2916 nec
1167 2862 1263 2916 tamen
1282 2862 1365 2917 mulsi

189 2952 316 3008 homines
335 2953 413 3023 (Hor.
433 2954 477 3010 od
496 2954 510 3007 1
530 2961 572 3024 15,
591 2962 606 3009 6
624 2955 710 3009 medlo
728 2953 824 3022 milite)
847 2954 1011 3007 tecum...:
1035 2950 1165 3020 garrulus
1189 2967 1219 3006 es
1241 2950 1364 3007 enimet

189 3042 320 3111 pathicus
339 3043 450 3112 (nolunt
469 3044 609 3112 homines,
632 3061 661 3098 se
685 3061 703 3097 a
724 3044 754 3098 tc
773 3045 919 3110 tamquam
942 3040 1065 3095 amasios
1088 3042 1152 3095 tuos
1170 3040 1363 3109 circumferri).

189 3132 242 3186 hoc
261 3132 463 3201 qualecumque
482 3149 599 3187 acumen
618 3131 736 3187 sortasse
755 3131 900 3186 ferendum
919 3131 973 3197 est,
993 3147 1058 3183 cum
1071 3129 1237 3198 praesertim
1255 3129 1363 3197 plenio-

191 3237 250 3275 rem
275 3221 365 3276 lucem
389 3237 423 3274 ex
446 3219 618 3275 accuratiore
637 3220 672 3272 de
690 3218 802 3275 Nasone
826 3216 945 3272 seientia
963 3218 1007 3271 hie
1025 3216 1146 3272 affusum
1169 3215 1204 3271 iri
1228 3216 1363 3272 credibile

189 3310 234 3363 sib.
263 3326 297 3363 ex
317 3309 484 3365 coniecturis
502 3308 622 3378 prolatis
640 3307 710 3363 duas
729 3307 857 3363 afferam:
876 3305 976 3361 Muuro
998 3307 1127 3375 ‘mutus’‚
1145 3323 1198 3376 ego
1217 3305 1361 3362 ‘muudus’

189 3400 233 3454 ter
252 3398 425 3468 scripsimus;
453 3403 482 3455 et
499 3399 553 3455 hoc
571 3398 686 3468 quidem
705 3415 738 3453 eo
757 3396 835 3453 uolui
853 3396 1006 3467 pertinere,
1025 3400 1057 3452 ut
1075 3395 1182 3452 externi
1200 3396 1316 3451 ornatus
1333 3399 1364 3452 eb

188 3487 314 3544 internae
338 3490 547 3560 deprauaiionis
573 3488 712 3560 oppositio
737 3486 888 3543 efferretur.
930 3489 997 3556 poet
1021 3484 1137 3541 ‘homo'
1164 3501 1237 3555 quae
1261 3485 1364 3540 desunt

188 3577 234 3646 (de
254 3577 362 3648 origine
381 3579 444 3635 uitii
470 3580 506 3634 ad
525 3579 585 3634 CXI
605 3582 632 3648 4)
656 3579 727 3634 bene
751 3575 878 3648 Scaliger
900 3576 1043 3646 suppleuit
1066 3574 1197 3630 addendo
1222 3575 1276 3631 ‘est
1300 3574 1360 3644 qui’

189 3669 294 3736 (iocum
317 3672 457 3736 uersatur,
481 3669 542 3738 qui:
566 3668 625 3724 CVI
651 3669 686 3737 1).
730 3666 919 3722 ‘descendere’
946 3681 1028 3720 seusu
1052 3665 1173 3720 obsceno
1196 3662 1244 3718 bic
1266 3663 1363 3720 ualere

189 3755 354 3827 ‘pedicare’‚
369 3757 442 3813 male
457 3758 629 3813 concludunt
642 3774 675 3811 ex
690 3756 784 3811 quen.
802 3762 843 3824 11,
860 3761 923 3821 1643
938 3755 1010 3808 unde
1025 3752 1165 3823 Haupliue
1183 3753 1223 3807 ‘te
1237 3753 1363 3823 ecinffit‘,

188 3845 305 3898 uerbum
314 3846 344 3900 in
357 3846 535 3916 pedicatione
549 3841 1041 3913 usitatumffriap.⁷⁵1,9)‚restibuib
1064 3858 1116 3897 nec
1130 3845 1226 3897 tamen
1234 3840 1362 3912 ineptum

188 3936 233 3988 est
245 3933 371 4003 cogitare
385 3936 420 3989 de
435 3937 570 3991 descensu
583 3935 612 3989 in
630 3935 720 3989 lorum
732 3932 780 4002 (of.
795 3931 952 3991 Gronouius
966 3931 1037 3986 obss.
1052 3931 1092 3984 ΙΙΙ
1110 3936 1152 3999 12,
1168 3931 1310 3986 Bentleius
1325 3932 1362 3986 ad

188 4025 254 4080 Hor.
269 4024 349 4094 epist.
364 4025 377 4078 1
392 4031 434 4093 20,
449 4027 490 4095 bl:
504 4042 560 4080 nou
573 4023 656 4078 multi
669 4027 697 4078 te
712 4023 803 4078 forum
813 4022 950 4076 uiuentem
959 4019 1072 4074 honoris
1081 4035 1167 4076 eausa
1181 4021 1362 4077 comitantur.

717 4176 836 4233 cm

260 4293 289 4348 1.
313 4292 442 4352 consule
462 4292 604 4361 Pompelo
627 4291 757 4361 primurn
776 4290 850 4362 duo,
875 4288 985 4358 cluna,
1008 4285 1146 4343 solebant
1164 4283 1361 4359 Mocillam).

188 4381 364 4438 consulatum
383 4381 504 4452 primum
518 4380 668 4453 Pompeius
681 4381 770 4452 gessit
787 4396 844 4435 una
856 4395 920 4435 curn
932 4377 970 4432 la
985 4376 1092 4432 Licinio
1108 4373 1206 4429 Crasso
1220 4390 1296 4432 anno
1312 4383 1361 4434 7οε
