2940 4912
150 329 193 395 36
592 327 875 385 PROLECOIICNA.

150 503 328 576 amatorem,
347 500 431 559 cuius
450 500 588 559 uersibus
606 499 661 558 illa
680 500 737 559 etsi
756 501 811 559 sub
826 499 955 559 Lesbiae
969 498 1090 559 nomine
1109 498 1207 560 latens
1222 503 1326 561 tamen

149 601 288 659 omnibus
307 604 379 660 nota
397 619 451 675 per
465 601 561 658 totam
575 600 701 659 Romam
716 599 867 658 celebrate
882 602 956 673 erat,
976 599 1084 657 mirum
1103 599 1200 658 uideri
1214 603 1327 675 potest,

150 699 176 756 si
199 703 231 758 et
255 698 406 758 Catullum
430 717 497 757 cum
521 696 622 757 Caelio
651 695 799 757 aClodia
820 696 958 757 abdicato
986 698 1017 755 in
1044 697 1176 772 gratiam
1199 698 1326 758 rediisse

149 799 262 856 ettam
283 798 361 857 hunc
380 817 469 874 quum
489 795 661 857 Ciceronem
682 796 754 854 data
772 815 863 872 opere
881 797 919 854 ab
934 795 1119 855 orationihus
1139 800 1201 855 suis
1219 798 1325 873 procul

149 896 291 955 habuisse
314 896 460 955 sumimus
484 896 548 954 eius
572 896 767 970 mentionem,
790 895 842 971 qui
866 913 900 952 ex
923 895 1058 953 misellae
1076 896 1204 954 feminae
1223 914 1325 956 amore

148 994 363 1070 grauissimum
386 994 512 1053 necdum
535 998 673 1052 sanatum
692 994 801 1053 uulnus
822 997 977 1069 acceperat
1000 998 1031 1051 et
1054 996 1119 1051 tum
1143 993 1252 1054 absens
1271 995 1324 1053 de-

148 1093 240 1168 gebat
263 1085 314 1174 (cf.
337 1096 369 1151 et
391 1112 496 1153 comm.
519 1092 558 1151 ad
585 1110 609 1151 e.
632 1073 753 1173 xllx).
799 1092 886 1151 miito
910 1092 985 1150 alias
1014 1091 1219 1164 difficultates,
1248 1111 1324 1167 quas

147 1189 204 1266 ipsi
229 1191 287 1249 sibi
314 1190 393 1250 docti
421 1195 605 1268 pepererunt
632 1191 712 1249 mala
739 1189 988 1264 interpretatione
1012 1181 1122 1270 (ueluti
1147 1208 1222 1265 quae
1245 1189 1324 1249 falso

148 1307 183 1347 ex
206 1280 354 1347 LXVIIIb
375 1292 436 1349 102
461 1289 497 1348 de
521 1289 649 1349 Lesbiae
668 1292 753 1365 patre
772 1287 900 1363 quodam
920 1289 1067 1348 conclusit
1087 1280 1322 1367 Broukhusius).

628 1463 841 1472 ——-

235 1584 362 1662 Reliqua
383 1606 461 1646 nime
484 1589 531 1646 est
554 1584 782 1660 contemplanda
805 1582 870 1642 uita
889 1581 1014 1657 Catulli,
1037 1603 1125 1660 quem
1143 1583 1205 1642 iam
1223 1583 1320 1661 signi-

148 1683 236 1741 ficeui
263 1684 397 1743 uulneris
425 1704 461 1743 en
489 1703 591 1743 amore
619 1684 671 1742 illo
699 1682 803 1742 inflicti
831 1683 1018 1742 sanationem
1046 1682 1103 1741 sibi
1136 1682 1322 1758 quaesinisse

147 1781 255 1840 itinere
278 1781 449 1860 longinquo.
494 1802 563 1842 nam
588 1779 619 1841 C.
640 1781 810 1856 Memmius,
834 1781 968 1856 poeticae
992 1783 1024 1840 et
1049 1780 1115 1857 ipse
1142 1780 1251 1841 leuiter
1274 1781 1323 1839 de·

148 1879 228 1938 ditus
256 1884 288 1940 et
313 1886 471 1958 poetarum
500 1881 611 1940 amicus
640 1873 816 1960 (Lucretius
846 1878 873 1937 ei
902 1899 988 1939 suum
1021 1879 1058 1938 de
1085 1899 1185 1939 rerum
1212 1884 1323 1939 natura

146 1996 266 2038 carmen
289 1979 454 2056 inscripsit3
477 1981 512 2039 ct.
534 1984 565 2039 et
587 1997 679 2054 supra
700 1998 729 2053 p.
750 1968 821 2056 19),
844 1995 912 2035 eum
934 1998 1006 2037 nere
1033 1996 1058 2038 a.
1079 1974 1120 2038 57
1144 1981 1323 2054 propraetor

148 2078 267 2136 creatus
281 2077 313 2135 in
327 2077 502 2156 Bithyniam
516 2076 701 2154 prouinciam
715 2077 813 2136 abiret
827 2068 1016 2156 (Schwabius
1031 2097 1059 2153 q.
1072 2075 1103 2136 C.
1118 2097 1146 2153 p.
1160 2078 1222 2136 159
1234 2068 1322 2158 sqq.)‚

147 2173 235 2233 facile
260 2174 398 2236 Catullus
417 2176 574 2236 familiaris
599 2167 648 2257 (ut
667 2165 803 2254 uidetur)
827 2174 865 2232 ab
889 2193 924 2234 eo
943 2175 1131 2250 impetrauiI,
1154 2179 1188 2233 ut
1206 2175 1236 2233 in
1255 2193 1321 2235 oon·

146 2273 350 2333 tubernalium
378 2275 499 2335 cohorte
529 2294 597 2333 eum
625 2274 828 2333 comitaretur.
881 2291 939 2349 qua
967 2274 999 2331 in
1025 2273 1145 2332 cohorte
1174 2272 1265 2332 etiam
1288 2270 1322 2332 C.

147 2371 274 2432 Heluius
294 2371 390 2432 Cinna
407 2374 501 2434 inisse
521 2373 640 2432 uidetur
660 2366 711 2451 (ad
731 2370 758 2428 X
778 2364 843 2449 30).
878 2373 909 2429 et
927 2372 1071 2447 repperit,
1090 2374 1236 2448 quantum
1255 2390 1322 2432 con·

145 2470 257 2530 iactare
276 2472 359 2546 licet,
378 2492 467 2548 quam
486 2471 635 2549 quaesiuit
651 2469 811 2528 sanitatem
830 2469 861 2526 in
879 2467 935 2527 hoc
953 2468 1061 2528 itinere
1079 2472 1182 2545 poeta,
1200 2469 1321 2547 ignotas

147 2570 284 2645 regiones
308 2570 433 2631 uisendo
456 2574 586 2630 mentem
616 2568 739 2627 mirifice
766 2585 903 2625 recreans
932 2567 1171 2644 exhilaransque.
1216 2567 1322 2646 Bithy·

146 2668 226 2724 niam
251 2671 352 2726 autem
375 2671 481 2744 petens
505 2688 558 2745 per
577 2666 696 2726 Troada
715 2657 781 2746 (ubi
800 2664 903 2724 fratris
927 2666 1042 2724 tumulo
1061 2667 1143 2727 iusta
1163 2666 1321 2743 persoluit,

146 2764 199 2840 CI,
218 2765 269 2823 ubi
289 2786 316 2824 u.
336 2759 454 2847 comm.)
474 2765 615 2843 cognouit
634 2763 718 2822 Idam
737 2767 892 2839 totamque
910 2764 992 2822 illem
1012 2783 1096 2823 oram
1114 2763 1226 2824 fabulis
1244 2765 1319 2824 cele·

145 2863 348 2922 brutissimam
374 2865 521 2940 simulque
545 2864 666 2939 collegit
690 2863 847 2921 materiam
871 2864 995 2922 carmini
1018 2862 1126 2922 LXIII.
1159 2863 1237 2939 quod
1261 2863 1320 2922 ior-

145 2964 227 3019 tasse
251 2961 418 3021 elaborauit
442 2961 571 3021 Nicaeae
599 2958 694 3040 (quod
722 2963 768 3018 est
791 2964 882 3035 caput
904 2955 1092 3042 Bithyniae),
1116 2961 1168 3021 ubi
1190 2961 1319 3020 maxime

144 3079 198 3135 per
225 3060 353 3121 hiemem
382 3081 408 3122 a.
433 3056 528 3139 57s'56
557 3057 643 3137 degit
665 3057 794 3117 iucunda
817 3076 889 3118 usus
914 3061 1140 3120 conuersatione
1162 3059 1320 3121 contuber-

143 3157 257 3216 nalium
281 3177 429 3218 unacum
452 3177 487 3218 eo
510 3160 541 3218 in
565 3156 698 3216 Memmii
721 3156 864 3215 comitatu
887 3158 981 3218 Roma
1004 3159 1215 3235 profectorum.
1247 3177 1320 3218 nam

144 3275 212 3314 cum
231 3257 370 3316 Memmio
394 3257 472 3333 ipso,
496 3257 578 3315 cuius
600 3260 710 3315 natura
732 3256 763 3314 in
785 3257 944 3315 arreritiam
964 3262 1228 3334 contemptumque
1246 3259 1319 3318 alio·

144 3355 398 3430 rump1·onahic
422 3374 454 3415 se
477 3355 609 3415 ostendit
636 3356 778 3431 pessime,
801 3356 883 3414 rixae
906 3374 975 3414 mox
999 3359 1119 3415 exortas
1143 3359 1227 3432 sunt,
1251 3376 1319 3417 cum

143 3457 322 3529 propraetor
340 3456 427 3530 plane
446 3456 609 3531 neglegens
630 3454 781 3515 cohortem
802 3454 859 3512 sibi
879 3454 936 3513 soli
955 3473 990 3513 ex
1008 3454 1164 3530 prouincia
1182 3455 1241 3514 etsi
1258 3475 1318 3516 non

144 3570 274 3626 paupere
303 3557 403 3612 tamen
436 3572 542 3629 parum
575 3555 693 3613 lucrosa
721 3553 897 3613 conroderet
925 3552 1054 3611 diuitias
1105 3571 1165 3612 non
1191 3559 1319 3615 uenerat

145 3648 264 3724 quidem
281 3649 416 3711 Catullus
436 3653 468 3712 in
486 3653 662 3729 Bithyniam
684 3671 735 3727 spe
756 3652 829 3709 lucri
849 3652 976 3709 faciendi
996 3643 1099 3733 (longe
1117 3651 1194 3713 alias
1213 3671 1320 3713 caussa

145 3748 261 3806 itiusris
282 3748 308 3805 ei
328 3748 422 3808 fuisse
442 3743 585 3831 uidimus)
606 3753 706 3826 itaque
725 3750 781 3809 hac
796 3769 848 3825 spo
867 3749 963 3825 decipi
981 3750 1100 3810 omnino
1118 3751 1247 3828 nequiit3
1266 3751 1320 3811 sed

144 3845 302 3922 cumipse
326 3865 374 3904 res
397 3848 503 3923 ferret,
528 3850 615 3907 utin
639 3853 721 3908 terra
744 3847 948 3908 semibarbara
967 3849 1075 3908 cohors
1091 3849 1237 3926 penderet
1254 3852 1321 3910 tota

145 3962 165 4001 a
186 3948 339 4020 praetore,
368 3963 411 4002 ex.
435 3964 479 4020 gr.
504 3947 534 4003 in
559 3947 709 4005 alimentis
733 3951 764 4005 et
786 3946 984 4023 habitatione,
1008 3949 1098 4007 etiam
1121 3947 1162 4021 is,
1185 3949 1238 4026 qni
1260 3967 1321 4009 non

144 4042 241 4100 ditare
265 4060 297 4100 sc
321 4042 488 4116 expilandis
513 4045 745 4119 prouincialibus
770 4045 800 4102 in
823 4045 921 4103 animo
944 4045 1059 4122 habuit,
1083 4047 1193 4106 mulam
1217 4051 1321 4107 nmen

144 4139 291 4215 praetoris
313 4139 501 4198 uoluntatem
520 4141 800 4219 neglegentiamquc
824 4144 960 4217 supinam
979 4162 1046 4202 cum
1070 4164 1180 4222 magno
1204 4166 1259 4207 suo
1277 4146 1321 4206 in·

144 4237 297 4297 commodo
316 4236 483 4312 damnoque
503 4239 723 4314 experiebatur:
748 4241 896 4300 intellexit
915 4242 1066 4320 Catullus,
1088 4262 1179 4319 quam
1196 4243 1321 4304 diuersa

145 4336 185 4395 sit
203 4337 316 4411 species
335 4335 441 4394 horum
460 4337 605 4396 nobilium
621 4339 732 4398 Romae
751 4359 783 4398 se
803 4344 959 4415 poetarum
973 4342 1237 4419 litteratorumque
1255 4343 1321 4402 fau·

142 4438 224 4495 tores
244 4435 412 4511 gerentium
433 4439 463 4494 et
482 4437 512 4494 iu
530 4437 691 4513 prouinciis
711 4437 768 4497 sibi
783 4439 854 4497 solis
870 4439 1098 4518 consulentium,
1115 4457 1321 4519 magnumque
