2940 4912
610 343 699 399 XLIX
719 351 797 399 1-1,
1226 343 1288 406 211

113 506 264 562 xusset
288 513 305 562 3
329 507 431 576 (XXIV
450 513 467 561 2
491 509 521 561 et
539 507 575 577 3).
613 504 661 560 uix
684 506 824 574 estquod
848 522 990 572 moneam,
1015 504 1080 559 huie
1104 521 1215 576 quoque
1238 506 1291 559 lor-

112 597 209 652 mulae
226 613 243 652 e
262 597 325 651 solo
344 613 451 653 conexu
469 598 588 667 locoque
612 597 662 650 aut
684 594 788 650 matam
813 598 862 649 aut
880 594 982 649 bonam
1005 594 1158 650 adhaerere
1182 595 1292 650 senten·

112 688 194 743 tiam.
218 718 251 727 -
276 686 379 741 lares
399 686 491 741 Tulli.
529 684 672 740 sollemnis
699 686 741 739 est
765 685 836 739 haec
861 683 1017 751 adlocutio,
1043 686 1075 739 ut
1100 683 1232 738 discimus
1258 701 1292 738 ex

114 774 459 843 carentanus
483 777 521 830 ad
543 792 675 830 1111111111
700 775 761 829 ‘die
785 774 825 828 M.
849 773 957 828 Tulli':
980 775 1118 830 1111111111
1141 774 1191 828 Cn.
1211 775 1291 828 Pom-

110 868 190 936 peto,
213 867 243 920 id
265 870 304 921 est
326 864 356 918 Τ.
377 865 543 933 Pomponio,
566 863 604 919 id.
624 862 705 919 Cutil.
725 863 737 915 1
759 870 803 930 11,
825 869 857 916 27
884 863 982 917 Marce
1003 861 1089 930 Tulli,
1112 864 1179 932 quid
1202 863 1292 932 episi,

114 955 290 1025 eandemque
308 953 484 1009 reuerentiae
503 953 615 1024 plenam
634 952 720 1008 fnisse
740 955 772 1007 nt
790 951 903 1007 aliunde
923 951 1063 1020 uidemus,
1082 951 1123 1005 ita
1142 969 1175 1006 ex
1191 949 1290 1020 Gellio,

114 1044 179 1114 qui,
204 1059 286 1113 quem
316 1042 481 1113 plerumque
507 1042 544 1098 M.
570 1041 731 1098 Ciceronem
762 1044 859 1110 uocat,
890 1060 953 1098 eum
981 1042 1085 1096 maiore
1111 1041 1292 1097 ueneratione

113 1132 207 1188 elatus
225 1130 353 1202 appellat
370 1130 408 1185 M.
429 1130 563 1200 Tullium,
582 1149 623 1186 ex.
643 1149 684 1200 gr.
704 1131 729 1184 X
748 1138 774 1197 3,
795 1138 808 1185 1
829 1131 869 1199 (C.
890 1131 1042 1201 Gracchus)
1059 1133 1132 1202 qnod
1149 1132 1291 1186 nonnullis

115 1223 228 1277 uidetur
245 1221 365 1276 uuerior
382 1221 475 1275 aerior
493 1222 662 1290 ampliorque
682 1221 724 1274 M.
744 1220 842 1285 Tullio,
864 1220 934 1287 ferri
950 1222 982 1276 id
999 1222 1047 1291 qai
1061 1221 1182 1291 potest&
1200 1237 1291 1290 neque

114 1311 201 1367 aliter
219 1309 324 1365 Plinius
344 1309 373 1364 in
393 1307 521 1379 epistulis
540 1308 731 1377 (1111111112,
747 1314 763 1361 2
779 1310 917 1378 112118).
946 1309 1042 1380 itaque
1061 1311 1136 1379 quod
1156 1310 1291 1379 Catullus,

115 1401 167 1472 qni
184 1399 252 1456 alibi
269 1399 376 1454 amicos
395 1397 561 1469 sodalesque
580 1414 635 1452 uuo
661 1402 772 1453 tanturn
796 1398 908 1454 nomine
928 1399 1065 1469 adpellat,
1089 1400 1136 1458 hic
1161 1399 1292 1455 sollemni

115 1489 238 1546 formula
259 1489 362 1559 utitur,
384 1485 571 1543 reuerentiam
596 1487 867 1558 admirationemque
892 1488 1025 1543 aduersus
1050 1492 1190 1544 oratorem
1214 1490 1292 1545 nobi·

114 1579 253 1634 tissimum
270 1595 467 1648 summumque
482 1577 549 1648 reip.
565 1577 658 1632 uirum
673 1576 811 1647 exprimit.
829 1609 860 1616 —
879 1577 908 1634 4.
930 1577 1080 1633 Catullus.
1108 1577 1161 1633 hoe
1180 1595 1291 1649 quoque

114 1687 181 1725 cum
200 1667 305 1725 maiore
324 1667 428 1723 affectu
447 1666 553 1721 dietum
572 1682 633 1720 esse
652 1666 781 1721 nouimus
800 1682 834 1720 ex
848 1665 901 1733 eis,
920 1682 993 1735 quae
1007 1666 1043 1721 ad
1059 1666 1125 1720 Vll
1147 1668 1291 1738 disputata

115 1760 190 1814 sunt
210 1790 243 1799 -
262 1758 292 1814 5.
310 1757 459 1828 pessimus
479 1755 612 1811 emulum
630 1757 731 1825 poeta.
766 1771 830 1810 ecee
849 1757 962 1825 poetam
981 1771 1015 1810 ea
1033 1773 1106 1827 qnae
1126 1757 1212 1812 insita
1231 1762 1292 1814 erat
1385 1739 1394 1756 ⁴

115 1847 198 1904 etin
220 1849 322 1904 bonam
346 1848 376 1901 et
397 1846 426 1900 in
450 1845 555 1900 malam
579 1846 689 1916 partem
708 1844 927 1915 intemperantia
950 1845 1004 1900 sibi
1028 1844 1141 1915 suisque
1160 1846 1291 1901 laudibus

114 1938 268 1994 inimicum.
305 1936 335 1992 in
357 1935 462 1991 talibus
486 1952 520 1990 ne
540 1934 740 1990 obliuiscamur
762 1934 889 2005 gentium
909 1933 1078 1990 meridianas
1102 1936 1230 2006 regiones
1249 1936 1290 1990 in·

115 2026 269 2082 colentium
284 2026 455 2082 inmodicum
469 2024 545 2078 haud
560 2041 623 2079 raro
637 2025 665 2078 in
680 2024 784 2080 affeetu
798 2025 981 2080 commotiore
996 2026 1136 2080 sentiendi
1146 2026 1292 2097 loquendi·

117 2133 173 2187 qne
190 2134 291 2186 genus:
315 2116 466 2188 pessimum
486 2118 607 2184 poetam,
627 2115 706 2183 quasi
727 2131 788 2168 cum
809 2113 914 2169 Cassiis
934 2115 963 2169 et
980 2112 1097 2184 Aquinio
1117 2115 1291 2185 Suffeuisque

116 2204 256 2275 (111711)
275 2207 326 2260 aut
343 2222 407 2260 cum
422 2203 538 2260 Volusio
556 2203 683 2273 (XXXVl
700 2207 727 2272 6)
746 2203 950 2272 comparandus
970 2203 1018 2271 sit,
1038 2220 1066 2258 se
1085 2206 1170 2259 uocat
1188 2206 1222 2260 de
1242 2223 1292 2260 sua

116 2294 202 2350 lande
219 2294 370 2350 detrahens
389 2309 459 2363 quae
479 2294 615 2349 accedant
633 2294 668 2348 ad
689 2292 831 2347 Ciceronis
851 2294 993 2348 honorem.
1025 2298 1055 2348 et
1073 2297 1217 2362 tamquam
1236 2295 1291 2350 hoc

117 2384 241 2441 noudum
252 2385 400 2440 contentus
411 2383 456 2452 sit,
471 2383 575 2454 repetit
587 2384 819 2452 persequiturque
833 2383 955 2454 amplius
970 2382 1138 2439 senteutiam
1153 2383 1246 2439 illam:
1258 2416 1290 2425 -

116 2474 153 2545 Ο,
176 2473 206 2528 7.
233 2473 320 2529 tauto
343 2474 492 2544 pessimus
516 2472 649 2529 omnium
673 2475 776 2546 poeta,
806 2475 919 2542 quiante
947 2475 981 2528 tn
1004 2473 1136 2544 optimus
1159 2475 1291 2530 emulum

117 2564 274 2635 monus.
302 2561 435 2618 AStatius
450 2579 493 2633 cp.
504 2562 576 2618 Vell.
588 2563 648 2618 Pat.
664 2562 732 2616 1111
747 2568 880 2633 qnantum
891 2564 957 2618 tello
967 2564 1093 2632 optimas,
1109 2569 1215 2619 tantum
1224 2582 1292 2634 pecc

112 2654 249 2725 pessimun
262 2656 291 2708 et
305 2670 387 2724 porro
403 2651 530 2708 Seruium
545 2652 581 2708 ad
596 2652 679 2724 Verg.
695 2653 762 2709 Aen.
776 2651 826 2706 Vll
842 2658 892 2708 787
909 2659 964 2708 tom
978 2655 1067 2725 magis
1081 2654 1132 2707 illo
1140 2653 1271 2719 frantane.
1284 2658 1305 2709 .‘

115 2761 200 2813 quaer
222 2745 310 2813 napo
333 2746 418 2811 effuso
441 2744 604 2798 crudescunt
622 2745 890 2813 1119111111111111,
915 2742 962 2812 qui
981 2744 1010 2797 iu
1029 2743 1072 2797 his
1092 2743 1190 2797 adesse
1209 2743 1292 2798 docet

119 2833 390 2900 ‘exaequationem'‚
410 2847 466 2885 nou
486 2832 732 2900 comparationem,
752 2851 794 2902 ep.
816 2831 882 2886 Sall.
903 2833 961 2901 lug.
982 2839 1025 2902 31,
1044 2839 1060 2885 4
1079 2851 1161 2903 quam
1180 2836 1292 2904 quisque

113 2924 229 2994 pauisse
242 2922 315 2989 fecit,
329 2928 385 2976 tam
399 2921 517 2976 maxim
531 2925 606 2976 tntae
620 2927 657 2975 111
672 2922 715 2988 (cf.
731 2938 772 2976 ex.
788 2940 829 2992 gr.
845 2921 925 2976 Mart.
940 2922 953 2973 1
968 2928 993 2989 7,
1007 2926 1096 2992 tuq).
1125 2924 1154 2977 et
1168 2925 1211 2977 est
1220 2923 1290 2979 haec

117 3011 284 3079 exaequatio
308 3011 394 3065 etiarn
416 3010 567 3079 conspicua
584 3011 644 3065 tam
663 3010 692 3064 iu
711 3011 832 3066 numeris
850 3029 934 3080 quam
953 3013 980 3066 in
999 3013 1219 3068 adlitteratioue.
1256 3015 1291 3067 ad

120 3100 278 3155 'omnium’
305 3101 337 3153 ut
360 3118 386 3153 u.
406 3105 422 3153 6
443 3099 631 3168 ‘poetarum’‚
657 3099 698 3152 ita
721 3118 746 3152 u.
766 3104 781 3152 7
802 3100 1017 3169 ‘patronorum’
1039 3103 1224 3172 supplendum
1249 3106 1293 3157 est

117 3193 229 3260 aperte:
256 3190 319 3258 ipsa
342 3188 507 3256 exaequatio
526 3189 618 3257 uetat,
641 3188 745 3257 nequid
765 3188 959 3259 ambiguitatis
984 3192 1097 3246 subesse
1122 3193 1291 3258 statuamus3

117 3277 203 3334 nimis
226 3278 300 3332 enim
324 3277 414 3331 nasuti
439 3279 531 3344 erant,
556 3276 604 3346 qni
628 3295 717 3347 nuper
741 3277 837 3332 adludi
861 3281 896 3334 ad
922 3280 1028 3335 dietum
1053 3280 1124 3336 illud
1147 3283 1292 3352 putenam,

119 3385 176 3438 quo
197 3367 331 3421 ‘omnium
351 3367 495 3436 patronus’
517 3368 554 3435 (h.
570 3384 593 3424 1.
615 3368 751 3421 matorum
772 3369 961 3440 bonorumque
981 3388 1090 3425 reorum
1108 3370 1167 3426 sine
1187 3370 1292 3424 dilectu

118 3457 258 3524 defensor)
277 3454 367 3510 audiit
386 3457 474 3511 bouus
494 3454 603 3523 Cicer03
623 3458 657 3513 cf.
678 3457 714 3511 ad
733 3457 798 3511 fam.
814 3459 852 3513 Vl
872 3466 896 3526 7,
916 3467 940 3515 4.
969 3460 1096 3529 argutius
1116 3459 1200 3513 etiarn
1220 3458 1291 3512 illud

117 3548 176 3615 est,
200 3545 272 3615 quod
293 3563 335 3615 cp.
356 3544 412 3602 Cic.
432 3547 508 3600 Brut.
529 3552 571 3613 97,
591 3552 642 3600 332
670 3546 728 3616 (ubi
753 3548 842 3602 omnis
866 3550 909 3604 uis
933 3550 961 3603 iu
982 3550 1096 3604 ‘turba’
1123 3551 1151 3603 et
1171 3547 1288 3617 ‘uulgo’

118 3639 163 3691 est
180 3635 284 3706 posita)
304 3635 338 3689 de
357 3635 484 3705 patronis
503 3634 595 3690 minus
615 3637 765 3691 honorifice
790 3639 908 3692 sensisse
928 3639 1050 3694 Tullium
1075 3637 1128 3693 sibi
1148 3655 1290 3708 persuase-

119 3727 186 3780 runt
204 3724 312 3795 inepte:
334 3724 470 3794 optimum
489 3741 550 3780 esse
568 3728 731 3796 patronum,
755 3744 863 3782 summa
882 3729 911 3781 et
930 3730 991 3782 erut
1009 3729 1070 3784 laus
1090 3732 1118 3785 et
1136 3729 1293 3784 habebatur

118 3816 179 3870 sine
198 3814 284 3870 dubio
303 3831 320 3868 a
340 3813 481 3869 Cicerone.
518 3833 568 3870 nos
587 3833 653 3871 uero
677 3834 710 3871 ex
730 3817 783 3871 hac
807 3833 876 3871 uoce
900 3819 1097 3875 concludemus
1117 3819 1293 3890 simpliciter,

117 3904 166 3974 agi
184 3903 215 3958 iu
234 3905 288 3959 bae
309 3903 465 3973 gratiarum
483 3904 593 3959 actione
612 3906 646 3959 de
668 3923 750 3961 eausa
769 3905 863 3975 aliqua
882 3924 899 3961 a
917 3908 1010 3963 Tullio
1031 3910 1152 3964 detensa.

195 3992 321 4072 Catullus
349 3992 423 4061 quod
453 3996 485 4047 ut
513 3993 541 4046 iu
569 4011 598 4048 re
622 3993 748 4049 Ciceroni
773 3995 842 4052 bene
869 4001 936 4052 uota
959 4000 1104 4052 materiam
1129 3998 1231 4067 ipsam,
1256 3999 1292 4050 ed

117 4101 204 4154 quam
222 4082 349 4153 pertinet
366 4082 419 4137 hoe
438 4083 614 4153 poematiou,
638 4103 692 4140 non
718 4085 825 4156 tetigit,
849 4087 915 4140 hinc
934 4105 986 4157 par
1010 4090 1052 4141 est
1071 4086 1292 4140 coniecturarum

115 4173 197 4244 qnasi
216 4172 360 4242 quandam
379 4176 505 4243 segetem
520 4173 624 4227 laetam
639 4175 807 4243 prouenisse.
845 4194 896 4230 nee
911 4177 985 4230 euim
1000 4174 1134 4242 contenti,
1152 4176 1238 4231 uerba
1253 4177 1291 4229 sir

117 4270 148 4320 ut
165 4267 230 4336 ipsa
249 4261 351 4318 nolunt
369 4261 498 4332 intellegi
517 4261 699 4332 intellexisse,
720 4266 908 4320 odorabantur
926 4265 1001 4319 docti
1020 4264 1189 4319 recentiores
1208 4265 1293 4320 ineis

115 4359 221 4412 1111111
248 4352 392 4423 quandam
416 4351 587 4408 inrisionem.
625 4355 744 4423 primus,
768 4358 902 4423 quantum
927 4355 997 4422 scio,
1024 4356 1108 4411 homo
1134 4356 1228 4410 cetera
1253 4356 1292 4410 iu-

115 4446 238 4519 siguiter
252 4459 411 4514 peruersus,
427 4443 591 4514 Clumperus
606 4443 736 4516 [miscell.
751 4444 818 4517 phil.
834 4449 863 4501 et
877 4445 994 4516 paedag.
1009 4446 1076 4501 fasc.
1092 4446 1125 4514 11,
1140 4445 1293 4501 Amstelod.
