2940 4912
678 327 743 382 Vlll
762 333 840 383 2-5.
1283 328 1344 394 107

142 491 251 546 Lesbia
271 490 417 545 desertus
437 491 468 544 et
485 491 562 544 totns
579 487 678 544 infelix
696 489 888 559 addictusque.
927 489 1069 560 ‘ineptire'
1091 489 1213 559 explicat
1233 489 1289 545 cio.
1310 491 1344 544 de

146 596 184 633 or.
204 579 233 633 11
253 586 284 645 4,
308 585 345 633 1'1
371 581 486 648 ineptas
567 581 639 649 qaod
656 596 713 635 nou
731 581 768 634 eit
785 585 880 648 aptus,
899 581 981 650 idque
1003 582 1035 634 in
1053 581 1185 635 sermonis
1203 585 1344 634 consuetu·

147 671 215 724 diae
231 670 352 737 perlate
367 673 465 738 patct;
482 686 549 723 num
566 670 614 738 qui
631 675 682 723 cat
700 674 805 738 tempus
823 671 890 739 quid
906 672 1024 738 postulet
1041 686 1098 723 non
1116 670 1192 723 uidet
1210 673 1260 722 aut
1270 710 1345 737 .....

149 761 174 812 is
199 761 321 827 ineptus
350 759 471 813 dicitur:
496 760 609 828 tempus
631 761 664 812 ut
682 756 809 812 Catullus
833 759 982 814 desisteret
1004 759 1040 812 ab
1064 758 1171 813 amasia
1196 756 1345 826 flagitauit,

149 858 271 917 tempus
292 865 353 902 non
373 846 567 918 intellegendo
585 848 737 902 uerendum
758 851 870 903 eratne
888 848 1000 918 ineptus
1014 850 1044 902 et
1057 851 1132 902 esset
1144 849 1174 902 et
1187 849 1344 902 uocaretur.

151 936 250 991 uoluit
269 936 412 991 Heinsius
432 937 552 1005 ‘desine‚
572 954 601 1005 a,
619 937 752 1006 ineptire'
774 939 803 991 et
820 944 878 992 ut
899 938 1008 1004 ‘duce’3
1032 938 1082 993 sed
1101 938 1136 994 cf.
1156 938 1191 993 de
1210 939 1263 992 hoc
1282 955 1346 991 con·

151 1026 289 1082 iunctino
310 1026 496 1081 adhortetiuo
521 1026 580 1081 siue
598 1026 704 1081 inssino
727 1026 828 1095 priscis
850 1029 941 1097 magis
960 1026 1066 1083 ualtato
1085 1027 1247 1082 Knehnerus
1266 1045 1307 1097 gr.
1326 1026 1344 1080 l.

153 1117 179 1169 ll
205 1135 237 1186 p.
260 1122 332 1183 140,
361 1116 520 1185 Draegerus
544 1120 615 1185 synt.
640 1115 705 1169 hist.
732 1114 744 1168 l
767 1135 793 1185 p.
814 1121 878 1183 2853
907 1117 1017 1186 saepius
1044 1133 1107 1172 eum
1135 1116 1221 1170 habet
1243 1114 1286 1183 C.‚
1313 1118 1345 1170 ui

153 1204 266 1260 XXXII
288 1210 317 1272 7,
336 1204 456 1259 XXXIV
476 1212 509 1260 21
529 1207 559 1259 et
576 1211 623 1272 24,
644 1204 731 1259 XLVI
750 1211 779 1272 4,
800 1204 859 1260 LXI
879 1213 927 1274 91,
946 1206 1032 1261 LXIII
1055 1212 1095 1260 19.
1117 1237 1149 1245 -
1167 1204 1196 1258 2.
1216 1205 1247 1259 et
1266 1204 1345 1273 quod

154 1295 249 1351 uides
268 1294 394 1364 perisse
414 1294 564 1362 perdlium
585 1295 688 1350 ducas.
715 1296 901 1365 prouerbialis
915 1296 1015 1362 dictio,
1034 1296 1066 1349 ut
1079 1294 1169 1349 Plaut.
1185 1294 1260 1348 Trin.
1278 1300 1345 1349 1026

154 1387 228 1456 pin
249 1390 284 1438 ta
304 1385 380 1453 quod
401 1385 486 1452 periit
504 1385 608 1452 perisse
630 1384 741 1450 ductat,
760 1385 950 1455 germanicum
971 1385 1115 1439 ‘verloren
1133 1384 1172 1438 ist
1189 1384 1345 1438 verloren’.

156 1505 189 1516 -
211 1476 247 1529 8.
266 1472 389 1528 fulsere
408 1473 557 1541 quondam
575 1474 697 1530 candffll
715 1474 773 1530 tibl
792 1474 883 1529 soles.
911 1478 943 1528 ut
961 1474 986 1528 V
1004 1480 1029 1540 4,
1049 1474 1096 1528 hic
1115 1489 1226 1543 quoque
1247 1472 1343 1526 ‘soles’

154 1565 198 1619 ita
217 1567 292 1617 sunt
314 1561 410 1631 ‘diea’,
429 1564 463 1617 ut
480 1564 574 1618 tarum
594 1564 713 1618 multum
732 1566 819 1618 restet
837 1563 986 1633 primariae
1006 1561 1228 1632 significationis.
1257 1576 1344 1631 oppo-

155 1664 270 1708 nuntur
289 1654 388 1707 antem
407 1652 494 1707 tacite
514 1651 658 1707 ‘candidi’
680 1656 739 1706 siue
758 1652 854 1707 felices
874 1652 941 1707 olim
964 1652 1024 1707 dies
1048 1652 1157 1721 eisqui
1183 1668 1256 1705 nunc
1280 1654 1346 1706 sunt

155 1743 232 1798 atriu
259 1742 325 1796 siue
348 1741 476 1796 tristibus
500 1741 545 1810 (cf.
570 1743 605 1797 ad
630 1740 765 1796 valllb
785 1745 860 1810 108);
884 1741 952 1796 Enn.
976 1745 1047 1812 trag.
1073 1746 1125 1795 280
1139 1743 1172 1795 It.
1196 1747 1276 1811 atque
1298 1743 1347 1795 lroc

156 1834 257 1887 lum
276 1832 432 1886 candidam
451 1832 535 1886 claret
553 1833 635 1897 mibi,
653 1829 719 1885 Hor.
735 1834 787 1886 sat,
803 1832 854 1897 19,
875 1837 907 1885 72
926 1832 1045 1886 beurim
1063 1832 1144 1885 solem
1161 1837 1217 1886 tam
1236 1833 1346 1901 ciprum

156 1938 279 1976 mac
299 1921 383 1985 mebi,
408 1920 490 1976 Ouid.
508 1937 542 1974 ex
561 1922 591 1976 P.
611 1922 636 1974 Il
657 1927 681 1988 1,
699 1926 733 1974 25
755 1926 786 1974 tu
803 1921 872 1975 miti
890 1922 1027 1986 narrasti,
1047 1937 1108 1975 cum
1127 1921 1221 1975 multis
1239 1921 1346 1975 lucibus

158 2018 228 2066 aare
248 2011 361 2077 fuderit
374 2011 508 2064 ιιᾱιίάιιαε
523 2011 644 2064 nubibas
662 2015 754 2064 auster
772 2027 868 2079 aquus,
883 2011 997 2064 numine
1014 2011 1122 2064 coelesti
1139 2012 1220 2065 solem
1237 2012 1347 2078 fulsisse

159 2118 308 2164 eamn,
330 2099 381 2155 Sil.
401 2097 463 2152 ltal.
482 2097 533 2152 XV
553 2105 586 2153 63
610 2100 656 2154 scd
675 2104 786 2154 current
805 2100 935 2168 albusque
952 2101 1010 2154 dica
1027 2101 1159 2169 horaeque
1177 2117 1292 2155 serenos.
1312 2129 1347 2139 ·-

159 2191 190 2246 4.
219 2204 294 2245 can
321 2188 510 2260 uentltabas,
541 2203 600 2255 quo
628 2188 732 2257 puella
755 2187 893 2243 ducebat.
935 2189 1005 2243 bene
1028 2189 1193 2243 AGuarinns
1218 2190 1269 2242 ‘ex
1293 2189 1347 2244 tre-

160 2278 268 2350 quentn'
282 2275 460 2348 protectione
474 2278 509 2330 acl
525 2276 845 2348 amicamuentitabas)
858 2278 1023 2333 felicitatem
1038 2296 1116 2333 suam
1133 2277 1227 2348 arguit
1239 2278 1346 2347 poeta’.

161 2369 243 2425 uocis
264 2366 415 2422 ‘ducebat'
436 2369 530 2436 aptam
550 2366 768 2437 explicationem
786 2367 890 2423 unscrn
909 2368 1090 2436 quaerebant.
1118 2383 1184 2420 nam
1199 2366 1286 2420 missa
1299 2368 1346 2421 de·

163 2457 293 2528 cipiendi
313 2454 430 2511 notione
449 2473 500 2511 nec
518 2456 571 2510 illa
589 2456 772 2525 significatio,
791 2474 848 2526 qua
867 2458 991 2512 ‘ducere'
1011 2457 1090 2511 ualet
1107 2457 1270 2511 ‘attrahere’
1292 2459 1345 2526 (cp.

164 2547 261 2602 Plaut.
273 2546 379 2600 Bacch.
393 2551 460 2600 1205
474 2547 565 2600 dedic
578 2562 628 2601 uos
641 2552 780 2613 tamquam
795 2547 928 2615 addictos)
938 2563 1048 2615 quaque
1063 2545 1134 2600 sdeo
1148 2543 1290 2600 nonnullis
1305 2548 1348 2598 est

164 2638 285 2692 ‘adesse
310 2633 425 2689 iubere'
450 2635 496 2689 uel
521 2635 664 2703 ‘uocare',
694 2636 807 2690 euboeae
832 2636 943 2690 omnino
967 2639 1072 2705 potest;
1099 2652 1208 2704 semper
1231 2635 1348 2688 attraxit

165 2727 267 2796 puella
284 2730 415 2794 poetam,
435 2725 482 2793 qui
501 2726 639 2779 uentitare
658 2726 768 2778 tentum
789 2741 821 2779 eo
836 2724 930 2794 potnit
947 2743 1003 2793 quo
1022 2725 1208 2794 permiserunt
1226 2728 1284 2777 tam
1303 2741 1347 2778 res

164 2833 252 2884 quam
277 2815 404 2869 domiue.
448 2832 530 2882 quam
556 2815 653 2868 ducem
678 2814 763 2868 luisse
788 2814 911 2868 omnium
936 2814 1035 2868 amasii
1059 2816 1195 2867 laetorum
1219 2812 1346 2868 consilio·

164 2923 300 2975 rumque,
327 2909 359 2957 ut
382 2903 433 2957 alii
449 2904 562 2971 uolunt,
586 2904 694 2973 respuit
717 2905 788 2958 illud
809 2904 983 2959 ‘uentitabas
1007 2905 1088 2973 quo’,
1112 2904 1186 2972 quod
1212 2903 1347 2958 translate

166 2995 259 3065 accipi
277 3011 337 3048 non
358 2994 473 3063 patitur.
504 2995 608 3062 optime
624 2992 744 3062 simplici
763 2993 812 3048 illo
832 2995 892 3047 ueri
911 2995 1025 3063 aptique
1045 3011 1140 3060 sensu,
1161 3011 1242 3061 quem
1263 2993 1346 3046 hodic

167 3084 251 3153 pauci
270 3083 431 3153 possident,
455 3082 522 3137 olim
542 3084 636 3136 Dousa
659 3083 732 3137 iilius
754 3084 938 3152 Heinsiusque
964 3085 1099 3137 dederuut
1119 3083 1273 3148 ‘dicebat',
1293 3083 1347 3135 hoc

168 3184 222 3240 est,
248 3172 454 3236 constituebat,
484 3172 599 3225 iubebat
621 3173 734 3236 adesse,
763 3171 842 3242 Prop.
869 3174 907 3226 lll
931 3180 977 3240 23,
1003 3179 1035 3226 lb
1062 3179 1111 3227 aut
1137 3173 1210 3227 discit
1233 3171 1347 3240 (puella)

170 3263 275 3316 ‘mia
294 3262 390 3326 hodic,
409 3263 572 3316 curabimus
590 3263 659 3315 uuc’
744 3264 860 3330 parrulc
879 3281 939 3317 cuns
959 3264 1069 3316 blandis
1083 3264 1186 3316 dicitur
1201 3261 1345 3330 t‘ducitur'

169 3353 268 3406 itidem
288 3349 471 3417 concolora
489 3353 574 3415 noti83
595 3353 791 3416 lunen.3,12;
812 3351 877 3405 llor.
897 3352 967 3406 od.l
988 3358 1012 3418 9,
1033 3360 1074 3405 20.
1105 3352 1234 3404 dicuntur
1253 3352 1347 3402 sutem

171 3442 268 3510 aperte
288 3438 446 3493 amantium
467 3443 619 3495 conuentus
639 3442 667 3494 in
688 3441 754 3494 sllii
775 3441 858 3495 domo
873 3440 941 3495 facti
957 3441 1002 3509 (cs.
1019 3437 1170 3507 LXVlllblz
1190 3439 1229 3491 ibi
1245 3440 1347 3507 poetae

171 3529 313 3583 trlrernnt
338 3527 398 3581 dies
422 3527 524 3585 felices.
550 3561 582 3568 -
607 3528 636 3583 5.
662 3531 762 3583 amate
786 3529 888 3601 nobis,
914 3531 1057 3598 ‹luantum
1078 3529 1229 3582 amabitur
1251 3527 1347 3581 nullu.

172 3618 323 3672 obscurum
348 3616 419 3671 mihi
442 3617 510 3671 olim
533 3621 606 3684 erat,
631 3637 679 3672 cur
703 3637 720 3673 a
743 3637 821 3673 more
840 3618 903 3685 illo,
928 3637 983 3688 qno
1007 3619 1146 3687 seipsum
1166 3618 1346 3672 inhoccar·

172 3712 245 3762 mine
266 3707 446 3775 adloquitur,
467 3711 552 3776 poeta
572 3708 665 3762 subito
685 3708 842 3762 desciscens
864 3709 974 3763 ‘nobis'
1001 3713 1046 3776 (==
1070 3708 1149 3774 mihi)
1173 3723 1275 3777 ponere
1299 3725 1347 3762 no·

174 3797 271 3862 luerit;
291 3797 367 3850 unde
387 3795 493 3851 conieci
513 3796 624 3851 ‘uobis’
646 3801 692 3867 (=
711 3799 788 3868 tibi),
813 3800 886 3865 quod
907 3801 1005 3868 postea
1023 3797 1082 3851 uidi
1102 3803 1194 3866 (nemo
1213 3798 1286 3852 enim
1307 3815 1347 3852 re-

175 3887 330 3941 centiorum
350 3884 487 3939 editorum
507 3886 665 3955 aduolauit)
686 3886 741 3940 iam
762 3905 779 3941 a
798 3888 923 3942 Fruterio
943 3887 1131 3941 coniectatum
1151 3904 1219 3942 esse.
1258 3903 1348 3955 neque

175 3975 321 4045 »luerunt
344 3973 549 4029 dubitationem
574 3979 624 4028 aut
647 3975 761 4030 Ellisius
786 3977 822 4031 ad
842 3976 929 4031 LXlll
949 3983 980 4030 61
1006 3979 1035 4031 et
1055 3976 1142 4031 Plaut.
1163 3994 1244 4030 merc.
1264 3976 1302 4028 IV
1322 3982 1347 4043 3,

178 4071 265 4134 quq.
284 4079 445 4134 prouocens
464 4066 513 4117 aut
532 4065 690 4120 Benoistius
710 4066 803 4135 inepte
823 4067 894 4120 hauc
914 4067 988 4120 inter
1009 4066 1127 4136 primam
1147 4077 1176 4120 et
1199 4064 1346 4119 secundam

176 4171 322 4222 penonam
349 4152 572 4207 uicissitudinem
600 4153 697 4223 magni
723 4155 839 4209 affectus
867 4173 926 4210 esse
952 4173 1081 4220 monens,
1107 4173 1171 4208 narn
1198 4152 1292 4207 omnia
1316 4155 1348 4205 ut

178 4244 307 4316 exempla
330 4241 428 4296 adlata
451 4243 602 4297 ostendunt
621 4243 665 4310 (cf.
686 4248 715 4298 et
733 4244 815 4314 Verg.
837 4249 865 4299 et
884 4243 964 4298 Ouid.
984 4245 1001 4299 l.
1017 4244 1060 4312 1.),
1084 4241 1206 4297 secunda
1229 4257 1348 4310 persona

177 4332 246 4389 bunc
265 4333 393 4404 praefert
420 4332 550 4387 affectum
570 4330 718 4399 maiorem3
742 4352 759 4387 a
782 4351 851 4402 qno,
874 4351 936 4387 cum
960 4333 989 4385 in
1013 4336 1074 4388 toto
1096 4332 1194 4401 regnet
1217 4331 1347 4395 carmine,

176 4423 315 4493 amodo
333 4421 491 4479 desciscere
510 4422 604 4492 potnit
618 4421 745 4477 Catullus
764 4423 806 4477 ila
824 4428 855 4477 ut
872 4422 907 4477 ad
922 4423 1040 4493 primam
1054 4437 1201 4491 personam
1215 4419 1348 4473 transiret
