2940 4912
591 321 878 379 reomaensis.
1279 326 1322 391 25

144 511 211 569 qma
232 512 284 552 res
309 510 387 553 sane
410 492 589 568 permagnis
614 491 751 569 inpedita
777 491 859 551 foret
885 491 1128 567 difficultatibus,
1157 495 1184 553 si
1211 499 1324 554 rectum

143 604 215 653 eset
240 591 327 668 qnod
352 588 486 651 Ouidius
515 590 592 649 dixit
618 590 697 650 trist.
721 589 752 649 ΙΙ
776 592 840 651 429
869 608 923 650 neu
950 596 1096 650 contentus
1123 610 1157 651 ea
1185 585 1324 674 (Lesbia)

143 691 238 749 ullos
260 690 405 764 “locuit
427 704 558 755 amurca
581 691 613 747 in
635 689 739 761 quibus
761 691 823 762 lpse
845 707 931 748 auum
952 684 1054 762 furnis
1077 691 1253 748 adulterium
1276 697 1324 750 cst.

144 807 240 847 uerum
262 787 349 847 enim
375 803 450 845 uero
474 782 601 844 Ouidius
629 804 683 861 pro
707 804 761 845 sno
785 787 938 863 proposito
962 791 993 846 et
1017 787 1213 863 exaggeranit
1235 788 1324 848 nimis

143 904 199 946 run
226 904 283 945 nec
313 890 457 959 tempora
487 881 632 942 nonusis
678 883 735 942 hoc
762 883 842 943 enim
871 904 906 944 ex
934 884 1067 960 reliquae
1094 889 1202 961 poetae
1229 887 1325 946 nostri

145 986 217 1044 ritae
238 980 504 1058 mntemplatione
528 981 603 1041 satis
630 985 746 1041 certum
770 982 829 1056 est,
858 1000 960 1042 omnes
989 1001 1119 1060 amores,
1143 1001 1218 1059 qnos
1241 1002 1323 1059 prae-

144 1098 220 1142 nrea
240 1081 299 1140 ille
322 1081 463 1140 secutus
492 1082 551 1151 est,
579 1081 651 1155 post
673 1078 814 1139 Lesbiam
837 1080 978 1140 habuisse
1006 1081 1118 1156 loenm3
1148 1085 1179 1141 et
1202 1074 1323 1140 ‘multi'

146 1180 184 1239 dli
203 1196 326 1239 amores
351 1171 414 1255 (sic
443 1176 524 1236 enim
546 1176 688 1254 intellege
713 1169 937 1251 ‘adulterium',
960 1178 996 1236 cf.
1021 1177 1092 1237 Hor.
1116 1179 1162 1237 od.
1184 1179 1200 1237 I
1224 1180 1280 1252 33,
1305 1181 1323 1238 9

146 1279 245 1350 ese,
268 1278 330 1349 19,
353 1264 433 1355 alia)
462 1277 533 1333 sunt
561 1274 719 1349 Ipsimilla,
747 1274 899 1348 Aufilena,
923 1276 1070 1351 Ameana,
1092 1275 1265 1336 quentius:
1293 1278 1325 1335 in

147 1374 189 1433 sni
208 1371 392 1450 argumenti
414 1372 551 1431 fauorem
573 1391 634 1433 non
655 1372 744 1432 nimis
763 1378 935 1433 accuratum
958 1373 1053 1433 inisse
1072 1377 1192 1449 poetam
1211 1373 1324 1434 Sulmo·

147 1490 260 1533 neem
281 1470 456 1545 intellegis.
489 1469 604 1545 itaque,
628 1470 654 1529 si
676 1470 805 1532 leuiores
829 1471 1049 1531 adulescentuli
1071 1490 1189 1531 amores
1213 1472 1325 1532 omitti-

146 1590 204 1631 nns
226 1564 399 1651 axvm·
424 1559 495 1648 17),
523 1584 618 1643 nsque
646 1568 684 1628 ad
712 1569 771 1629 iter
793 1568 989 1644 Bithynicum
1011 1586 1038 1626 a.
1063 1570 1103 1628 57
1129 1569 1240 1628 factum
1264 1590 1325 1629 una

149 1670 260 1745 rohone
282 1666 402 1727 Lesbia
424 1663 581 1726 Catullum
603 1667 703 1726 tenuit
725 1666 911 1727 deuinctum:
937 1667 1014 1724 banc
1037 1665 1150 1725 sincere
1173 1670 1265 1742 atque
1289 1687 1325 1727 er

148 1768 237 1827 u'mo
254 1766 406 1827 dilectam
424 1755 477 1843 (ci.
492 1762 606 1822 LXXII
620 1765 639 1823 3
655 1757 713 1843 sq.)
733 1782 800 1823 cum
819 1783 856 1824 ea
875 1763 933 1824 fide
948 1758 1129 1843 (LXXXVII
1146 1757 1182 1843 3)
1201 1766 1323 1841 amauit,

151 1878 176 1925 a
191 1874 355 1941 praeterea
374 1861 493 1921 nullam
511 1861 652 1920 feminam
672 1862 845 1938 attingeret
879 1881 969 1938 qnam
987 1880 1066 1937 rem,
1085 1863 1110 1921 si
1129 1862 1224 1938 ipsius
1244 1883 1323 1922 ama-

150 1966 213 2023 toria
235 1960 336 2021 uerba
353 1979 418 2020 non
437 1958 512 2019 satis
531 1961 600 2018 tuta
619 1958 814 2033 uidebuntur,
833 1959 1034 2019 indubitatam
1053 1959 1152 2019 reddit
1170 1961 1254 2020 furor
1272 1961 1324 2021 ille

150 2074 227 2139 nque
247 2058 436 2137 pertinacia,
454 2074 515 2133 qua
533 2057 569 2116 de
587 2055 744 2116 retinenda
762 2058 820 2117 sibi
833 2057 944 2118 Lesbia
961 2057 1042 2116 bella
1059 2060 1209 2134 pugnauit
1221 2063 1325 2120 noster

150 2160 293 2219 arima
343 2156 416 2215 binc
437 2158 540 2214 autem
563 2154 761 2230 prudentibus
789 2160 821 2216 et
844 2156 940 2214 acutis
970 2155 1118 2215 iudicibus
1141 2175 1201 2216 non
1224 2162 1325 2233 potest

150 2274 205 2317 sus
220 2256 417 2333 ambignum,
438 2270 585 2329 quaenam
604 2253 738 2312 earmina
756 2253 916 2325 amatoria,
940 2254 1097 2330 inquibus
1117 2256 1235 2314 tacetur
1253 2255 1325 2315 Les-

151 2354 205 2413 iiac
231 2371 360 2426 nomen,
391 2350 430 2410 sd
457 2350 534 2410 bane
561 2353 663 2409 tamen
690 2351 874 2427 pertineant:
903 2352 1003 2410 omnia
1029 2356 1168 2428 poemata
1196 2351 1234 2410 ad
1258 2372 1323 2413 eam

100 2442 105 2519 ζ
151 2450 209 2511 lm
230 2450 298 2509 siue
329 2449 369 2508 de
399 2466 437 2507 ea
459 2448 571 2524 scripta
593 2447 692 2508 colore
716 2453 786 2509 sunt
814 2449 922 2509 inbuta
943 2450 1102 2526 peculiari,
1125 2451 1176 2526 qui
1199 2470 1258 2510 non
1281 2451 1325 2510 ita

100 2528 104 2635 '1
151 2548 258 2609 &urile
282 2547 387 2624 possit
410 2545 545 2621 agnosci,
568 2544 656 2606 modo
680 2546 711 2605 in
730 2547 819 2606 huius
838 2551 945 2623 poetae
965 2549 1097 2607 animum
1116 2568 1273 2625 moresque
1294 2554 1323 2609 te

100 2640 105 2725 i
151 2645 355 2707 annuens.
404 2643 519 2704 accedst
545 2643 583 2703 ad
612 2643 688 2703 hune
715 2665 792 2723 rem,
822 2667 899 2724 quae
922 2647 1022 2724 aliqua
1046 2667 1082 2707 ex
1109 2652 1195 2723 parte
1217 2648 1325 2708 nititur

152 2764 241 2811 msa.
269 2740 420 2803 aoeurata
448 2743 503 2801 illa
529 2746 560 2801 et
587 2761 694 2802 seuere
725 2745 948 2820 interpretatio:
982 2746 1037 2803 hac
1066 2745 1110 2803 uti
1139 2747 1164 2803 si
1192 2750 1324 2824 nossent,

150 2864 305 2921 numquam
333 2842 408 2918 quin
432 2860 456 2899 c.
475 2833 621 2899 LXVIIIb
644 2841 682 2900 ad
701 2842 843 2901 Lesbiam
866 2846 1016 2918 pertineat
1040 2844 1210 2902 dubitatum
1235 2849 1324 2921 esset,

101 3000 103 3011 ,
150 2961 304 3019 :nmquam
322 2941 361 2999 de
376 2958 401 2998 c.
417 2939 492 2998 VIII
507 2944 567 2999 tam
587 2939 728 2998 mirificas
748 2941 946 3015 protulissent
966 2942 1127 3017 opiniones.
1162 2942 1217 3001 bac
1229 2942 1325 3018 igitur

153 3062 189 3100 na
210 3040 417 3118 procedentes
442 3038 485 3096 ita
508 3036 545 3096 de
564 3036 672 3095 Lesbia
691 3037 926 3114 disputabimus,
947 3043 980 3098 nt
999 3039 1118 3115 singula
1137 3041 1269 3098 carmina
1288 3059 1324 3098 er

150 3162 172 3197 a
191 3141 267 3217 ipsis
293 3131 487 3214 explicata*)
515 3140 602 3195 caute
628 3136 708 3195 inter
737 3156 768 3195 se
791 3142 944 3198 nectentes
974 3138 1061 3197 huius
1090 3139 1200 3197 amoris
1224 3158 1323 3214 perse-

154 3259 265 3314 ,uamnr
290 3235 469 3310 historiam,
494 3235 645 3294 arcessitis
669 3252 746 3310 quae
770 3236 890 3295 aliunde
913 3236 1059 3295 accedunt
1082 3236 1271 3296 testimoniis.

224 3337 392 3397 Feminam
411 3336 537 3408 nuptam
557 3332 649 3392 fuisse
664 3333 817 3409 Lesbiam,
836 3334 997 3409 conligitur
1015 3354 1049 3392 ex
1063 3327 1208 3392 vafflb
1225 3338 1263 3391 11
1280 3354 1323 3408 sq.

157 3442 189 3495 ε’.
202 3452 234 3495 ct
249 3433 291 3492 ad
307 3432 352 3490 Ll
367 3434 407 3489 14
417 3426 505 3508 sqq.),
521 3430 714 3490 confirmatur
728 3432 816 3506 plane
832 3433 965 3490 ciusdem
979 3433 1117 3491 carminis
1133 3453 1182 3490 uu.
1199 3434 1260 3491 106
1272 3451 1324 3507 sq,

150 3535 336 3594 nnuincitnr
359 3530 425 3588 loco
449 3529 596 3603 Propertii
621 3527 651 3586 11
677 3531 728 3600 32,
753 3532 793 3588 87
820 3533 889 3589 leuco
911 3549 1020 3604 quoquo
1043 3533 1145 3589 luscini
1168 3536 1321 3589 cantarunt

149 3650 246 3707 ,πψτη
272 3629 405 3692 Catulli,
430 3626 538 3685 Lesbia
560 3630 624 3700 quis
648 3629 712 3700 piso
735 3632 828 3686 notior
851 3635 889 3687 cst
908 3629 1034 3703 Holu2u3
1058 3647 1220 3704 numquam
1244 3629 1321 3687 enim

146 3728 320 3807 i'rspertius
346 3723 488 3783 Lesbiam
516 3743 582 3782 cum
606 3723 722 3783 Helena
749 3728 850 3800 potins
882 3746 972 3802 quam
1000 3747 1067 3786 cum
1095 3728 1241 3802 qualebet
1263 3728 1323 3787 alia

146 3829 259 3889 mide
285 3822 544 3899 comparauisset,
571 3823 627 3881 nisi
651 3822 705 3881 illa
727 3829 822 3899 nupta
845 3825 1007 3900 eademque
1031 3825 1141 3883 celebri
1164 3827 1227 3885 loco
1252 3830 1323 3884 nata

146 3930 252 3988 instet.
303 3941 406 3998 neque
434 3920 520 3980 deest
541 3922 628 3996 plane
652 3922 805 3997 antiquom
835 3924 899 3981 eius
923 3923 966 3980 rci
995 3922 1213 3999 testimonium,
1242 3926 1322 3981 certe

145 4048 190 4084 :rr
210 4026 318 4085 refero
338 4020 419 4096 quod
440 4018 477 4077 ad
493 4018 596 4078 quen.
612 4023 640 4096 6,
657 4023 674 4080 ’1
691 4021 802 4079 scholia
821 4021 966 4079 adnotant
980 4020 1144 4079 Pitbocane
1162 4027 1321 4079 erratrouu

148 4128 281 4183 :erulam
309 4121 461 4196 plorrprns
488 4135 572 4176 coeca
599 4121 679 4191 fucta
708 4125 760 4184 cst,
792 4120 870 4193 quod
898 4138 933 4177 er
962 4119 1064 4177 eodem
1088 4119 1215 4176 fortusse
1239 4118 1321 4175 tonte

206 4352 220 4379 ⁸
227 4364 233 4405 ;-
254 4344 403 4402 uidendae
423 4344 465 4396 est
483 4341 519 4395 ud
534 4342 658 4410 singulos
678 4342 753 4396 locos
768 4361 832 4398 mox
847 4344 1013 4398 adferendos
1028 4341 1256 4396 commentarius:
1277 4341 1320 4395 bic

146 4446 260 4484 ramma·
281 4426 395 4495 ubique
414 4439 507 4477 rerum
527 4423 706 4492 proferemus.
