2940 4912
185 257 252 321 390
662 254 749 308 [τιν
767 258 881 308 sc-ss.

186 417 281 474 aurls.
318 416 463 473 sollemnis
481 417 511 470 in
531 415 688 470 narratione
712 414 845 482 formula,
869 415 898 468 in
917 431 974 483 qua
998 412 1060 468 ‘ita’
1081 411 1140 483 (hic
1159 439 1193 460 ==
1212 430 1247 469 eo
1264 414 1363 470 animo

186 524 250 562 oum
269 508 353 576 esset)
372 506 409 562 ad
428 506 572 576 superiora
589 505 711 575 spectat:
736 505 771 558 cf.
791 521 831 558 er.
852 520 893 573 gr.
915 501 1011 557 Liuius
1030 500 1120 557 XXIX
1140 508 1181 570 18,
1201 509 1218 557 4
1237 505 1268 558 et
1285 502 1363 558 XLII

187 603 231 664 64,
250 603 274 652 3.
313 596 377 650 ‘niti
401 596 508 665 aliquo’
535 595 577 664 (st
595 594 642 649 ‘ad
666 593 773 648 Minoa'
798 596 856 647 tam
880 593 935 647 huc
959 609 1042 660 quam
1067 592 1103 646 ad
1123 591 1224 647 ‘uenit’
1245 593 1364 662 referas)

188 689 231 741 est
255 686 422 741 contendere
448 685 506 739 siue
530 700 680 754 properare
705 684 743 736 ad
765 682 872 737 itineris
896 681 1083 752 propositum
1109 681 1189 752 Prop.
1214 681 1252 734 IV
1272 688 1302 751 8,
1327 688 1364 737 88

187 777 238 831 alla
253 776 324 844 petit
343 775 441 828 Nilum
459 774 555 843 cymba
573 774 643 826 mole
660 773 731 825 nixo
748 773 857 841 sapori,
880 771 928 826 ubi
948 771 1073 841 ‘cymba'
1094 774 1137 838 (ut
1155 771 1230 840 apud
1249 771 1365 826 Attium

186 864 244 919 Tel.
266 870 298 918 13
318 863 399 918 Ribb.
423 864 554 931 romaeque
576 863 640 914 nixi
659 862 813 930 properiter
831 878 930 914 nocem
949 862 980 914 in
1002 861 1099 931 fugam
1122 862 1272 915 transducet
1289 859 1365 916 illud

189 953 307 1021 ‘remis')
328 955 371 1006 est
389 950 624 1018 instrumentalis,
644 952 727 1021 plane
747 952 778 1005 ut
797 951 842 1005 hio
863 951 946 1005 ‘naue
964 948 1048 1014 leui'3
1072 965 1144 1018 quae
1163 949 1245 1005 nauis
1263 951 1364 1019 utpote

187 1041 310 1096 triremis
338 1040 418 1094 audIt
441 1039 535 1095 ‘leuis'
559 1039 702 1108 taciteque
731 1040 881 1110 opponitur
910 1039 1054 1094 onerariae
1084 1039 1261 1094 solummodo
1289 1038 1365 1095 nolis

188 1147 263 1186 usae.
292 1130 356 1184 uide
375 1129 409 1184 de
429 1131 482 1184 hac
500 1130 567 1184 nani
582 1128 717 1184 Boeclshii
731 1128 833 1184 librum
850 1127 1146 1198 ‘Staatshaushaltung
1161 1126 1210 1182 der
1224 1125 1363 1182 Athener’

190 1220 215 1274 II
234 1239 260 1290 p.
280 1225 341 1273 21⁷.
379 1218 413 1273 cf.
434 1217 514 1274 Ouid.
535 1219 616 1287 epist.
638 1224 679 1285 18,
700 1224 732 1271 72
753 1220 839 1273 lcoior
857 1235 929 1272 auru
948 1221 994 1287 (=
1008 1221 1110 1271 uentus
1127 1217 1310 1285 clementior).
1325 1247 1364 1258 —

189 1309 240 1363 85.
263 1307 483 1375 magnanlmum
507 1307 544 1360 ad
563 1307 666 1362 hllnoa
687 1307 773 1361 nouit
796 1306 940 1374 sedesque
959 1306 1117 1375 superbas.
1153 1308 1198 1362 est
1216 1304 1365 1375 epitheton

189 1398 306 1451 heroum
326 1395 461 1450 sollemne
482 1396 660 1450 Homericum
679 1391 858 1466 μεγάθυμος,
877 1396 953 1465 quod
971 1395 1083 1450 Aeneae
1107 1412 1158 1451 suo
1175 1395 1257 1450 dedit
1273 1395 1364 1450 etiam

189 1484 340 1555 Vergilius.
368 1486 405 1539 ad
419 1486 516 1540 ldinoa
532 1489 627 1540 autem
646 1488 790 1555 tamquam
808 1488 959 1555 tyrannum
977 1487 1088 1554 spectat
1105 1484 1176 1539 illud
1193 1484 1364 1554 ‘superbas'r

189 1575 258 1630 Aen.
278 1574 303 1629 ll
328 1580 378 1629 786
402 1592 459 1630 aon
481 1592 528 1645 epo
553 1576 763 1645 Myrmidonum
785 1576 858 1630 sedes
880 1575 1053 1644 Dolopumue
1075 1575 1207 1644 superbos
1228 1576 1367 1644 aspiciam

191 1664 236 1732 (de
255 1663 435 1734 Neoptolemi
453 1665 550 1734 regia).
573 1695 608 1705 -
626 1664 656 1718 in
674 1663 802 1733 sequenti
821 1663 877 1718 iam
893 1664 1031 1718 Ariadnae
1050 1662 1153 1718 amoris
1175 1662 1365 1733 descriptione

191 1753 303 1808 Catullo
323 1756 365 1822 (ut
383 1755 413 1809 et
426 1753 552 1824 Vergilio
570 1753 600 1807 in
619 1753 796 1824 depingendo
816 1753 931 1807 Didonis
950 1752 1057 1822 furora)
1074 1752 1195 1807 similem
1214 1751 1250 1807 de
1264 1752 1366 1808 Medea

192 1843 379 1898 narrationem
394 1844 468 1913 apud
483 1843 576 1913 Apoll.
592 1842 682 1898 Rhod.
698 1843 736 1896 III
751 1849 803 1897 275
819 1861 879 1911 sqq.
900 1842 1078 1898 obuersatam
1092 1858 1160 1910 esse,
1179 1840 1367 1912 probabiliter

191 1932 326 1987 statuunt.
347 1963 378 1972 -
399 1931 547 1986 Sittiano
566 1932 692 1987 simulac
718 1932 827 2001 cupido
846 1931 1006 2001 conspexit
1024 1930 1139 1986 lumine
1157 1931 1248 1999 uirgo
1266 1933 1366 2000 rogia.

190 2021 265 2092 regis
284 2020 342 2075 fllia
361 2019 453 2089 (Ouid.
474 2024 538 2081 met.
560 2022 584 2074 II
604 2023 666 2089 870)
685 2038 778 2076 amore
798 2023 842 2075 est
859 2019 974 2075 incensa
992 2021 1083 2090 primo
1103 2018 1199 2075 statim
1218 2021 1363 2090 adspectu,

192 2110 428 2179 quemadmodum
446 2110 504 2164 fere
523 2112 620 2165 amant
638 2110 786 2179 scriptores
812 2112 921 2164 ueteres
939 2109 1076 2178 (Rohdius
1094 2108 1160 2165 libri
1180 2109 1241 2164 ‘dar
1259 2109 1365 2180 griech.

192 2200 312 2255 Itomau'
334 2219 360 2270 p.
377 2203 447 2268 148).
476 2201 573 2254 auctor
588 2198 657 2255 Ciris
677 2204 727 2253 130
742 2217 801 2268 sqq.
820 2200 853 2253 ai
867 2199 961 2269 Scylla
978 2215 1052 2254 nouo
1070 2205 1198 2269 conrepta
1215 2201 1311 2267 sorore
1322 2240 1328 2253 .
1340 2239 1365 2254 ..

192 2308 207 2345 o
222 2291 339 2344 nimium
348 2290 457 2358 cupidis
466 2289 566 2345 Micca
577 2290 709 2344 inhiasset
718 2290 817 2344 ocellis.
844 2305 960 2358 surgens
976 2287 1033 2343 iam
1047 2306 1126 2344 amor
1139 2287 1305 2358 designatur
1314 2288 1366 2344 illo

197 2379 310 2450 ‘cupido
320 2379 448 2447 lumine’;
464 2377 563 2447 quodsi
573 2378 693 2448 legimus
701 2379 730 2433 in
744 2377 827 2432 huius
842 2378 979 2432 enuntiati
995 2378 1148 2448 apodosiu.
1159 2384 1191 2433 91
1204 2379 1368 2449 ‘flagrantia

193 2470 325 2537 lumina’,
349 2468 478 2523 uidemus
502 2468 615 2537 quidem
640 2468 759 2522 celerem
785 2467 888 2522 amoris
914 2467 942 2521 in
967 2465 1077 2537 uirgine
1101 2469 1210 2523 Thesea
1232 2470 1367 2525 continuo

192 2560 280 2614 oculis
303 2559 406 2627 figente
430 2574 621 2627 progressum,
645 2557 694 2610 sed
717 2574 783 2610 num
810 2557 872 2626 ipsa
894 2558 964 2612 haec
983 2557 1114 2626 repetitio
1135 2556 1251 2612 ‘lumine
1271 2589 1305 2598 -
1325 2559 1368 2614 lu·

192 2650 280 2704 mina’
307 2647 382 2702 intra
404 2646 523 2700 eundem
547 2647 694 2700 uerborum
719 2646 857 2700 ambitum
880 2647 963 2716 grata
986 2649 1023 2700 sit
1046 2649 1076 2701 et
1097 2646 1219 2702 iucunda
1237 2647 1298 2703 iure
1316 2651 1368 2705 tuo

193 2737 344 2802 dubitabis,
363 2751 532 2804 quamquam
552 2734 700 2802 mitigatur
714 2733 829 2788 offensio
844 2735 930 2804 longa
944 2751 1015 2803 qnae
1029 2734 1179 2790 intercedit
1193 2737 1365 2805 parenthesi.

193 2831 316 2883 ceterum
340 2823 492 2895 prudenter
514 2822 581 2877 fecit
600 2823 644 2891 C.‚
670 2824 743 2891 quod
766 2840 857 2877 nouae
881 2823 1068 2894 degressionis
1092 2824 1240 2880 inlecebris
1264 2827 1368 2894 spretis

192 2934 248 2971 non
263 2933 296 2970 ex
310 2931 386 2969 more
401 2913 480 2982 epico
496 2912 623 2982 depinxit
636 2912 735 2967 Thesei
749 2913 867 2968 formam
882 2913 1081 2983 pellicientem.
1095 2945 1131 2956 -
1146 2915 1194 2985 87,
1211 2915 1259 2970 88.
1277 2930 1367 2983 quam

194 3004 296 3060 snauls
320 3001 464 3071 expirans
487 3002 589 3056 castus
613 3001 722 3056 odoros
745 3001 878 3057 lectulus
902 3002 934 3056 ln
958 3002 1043 3056 molll
1068 3004 1229 3073 complexu
1257 3006 1367 3061 matrls

193 3092 303 3149 alebat.
342 3089 510 3145 describitur
528 3090 557 3143 in
581 3090 625 3144 his
648 3107 693 3145 uu.
712 3093 792 3161 (quos
812 3091 938 3145 imitatur
957 3089 1027 3146 Ciris
1046 3096 1129 3161 3sq.)
1152 3092 1232 3162 uirgo
1256 3093 1285 3147 in
1304 3095 1368 3150 sinu

194 3181 357 3252 gremioque
377 3177 473 3233 matris
494 3179 612 3233 educata
631 3179 676 3247 (ci.
697 3179 761 3232 Tac.
777 3180 842 3234 dial.
863 3198 885 3235 c.
901 3186 948 3247 243
969 3180 1030 3236 ear.
1044 3179 1106 3235 LXI
1121 3185 1155 3236 88
1174 3185 1203 3236 et
1222 3181 1297 3236 LXII
1312 3188 1369 3253 21).
1389 3180 1399 3197 ⁹
1444 3207 1452 3220 ¹

195 3269 292 3327 alebat
314 3284 389 3337 eam,
416 3269 471 3323 hoc
494 3272 537 3322 est
560 3269 699 3323 educabat
722 3268 781 3322 siue
810 3286 827 3323 a
850 3269 940 3338 prima
962 3269 1085 3338 pueritia
1108 3270 1143 3323 ad
1167 3271 1243 3324 hune
1266 3275 1370 3329 aetatis

195 3360 290 3415 florem
311 3358 496 3428 perducebat,
516 3359 608 3412 castus
628 3358 687 3412 siue
712 3357 857 3427 uirginalis
877 3358 997 3413 lectulus
1015 3359 1061 3427 (ci.
1082 3359 1201 3414 lectulus
1222 3361 1369 3430 ‘caelebs',

196 3449 355 3505 ‘obscenus’
376 3447 534 3518 similiaque
553 3448 684 3517 passim):
708 3448 827 3503 tortasse
851 3448 880 3502 in
900 3447 1053 3520 exemplari
1071 3447 1274 3519 Alexandrino,
1293 3455 1369 3522 quod

195 3538 242 3593 bio
261 3537 388 3607 sequitur
402 3535 539 3605 Catullus,
559 3538 707 3606 legebatur
725 3537 867 3608 θάλαμος,
888 3539 962 3607 quod
981 3541 1078 3595 noster
1096 3541 1236 3611 prolecto
1251 3543 1369 3612 accepit,

195 3630 280 3698 poeta
289 3644 406 3697 graecus
416 3628 517 3682 latiore
527 3644 609 3681 sensu
623 3628 657 3682 de
668 3627 803 3697 gynaecio
819 3628 909 3698 accipi
918 3629 1017 3684 noluit.
1042 3630 1180 3685 Hesiodus
1195 3632 1368 3687 allitscher-

196 3717 281 3771 lichio
306 3716 432 3771 conlatus
457 3715 513 3785 ἔργ.
533 3723 598 3772 517:
623 3712 670 3786 ἦτε
696 3714 791 3786 δόμων
818 3714 932 3772 totores
958 3721 1026 3791 φίλῃ
1049 3715 1128 3787 παρὰ
1153 3717 1250 3788 μητέρι
1274 3723 1370 3790 μίμνει

196 3802 275 3860 οὕτω
299 3801 360 3875 ἔργ’
386 3804 480 3859 εἰδυῖα
502 3803 680 3874 πολυχρύσου
702 3800 863 3873 Ἀφροδίτης
949 3809 1031 3876 νυχίη
1058 3806 1243 3870 καταλέξεται
1267 3808 1368 3864 ἔνδοθι

196 3896 284 3950 οἴκου.
330 3894 411 3950 audit
434 3897 528 3948 autam
557 3894 691 3960 lectulus,
720 3893 872 3948 secundum
898 3894 1067 3950 Graecorum
1083 3891 1225 3964 &dispar
1253 3894 1370 3967 θυώδης

198 3986 289 4052 (Hom.
311 3983 361 4039 Od.
382 3983 419 4038 IV
441 3984 502 4052 121)
523 3982 582 4037 siue
602 3978 724 4051 εὐώδης,
745 3983 853 4038 ‘suauis
872 3983 971 4038 odores
991 3981 1145 4053 expirans’:
1164 3985 1224 4036 tam
1243 3987 1369 4043 uestibus

198 4090 282 4142 quam
302 4073 399 4127 stratis
419 4071 484 4126 lecti
504 4072 541 4125 ad
560 4071 739 4141 depellendas
759 4073 849 4127 tineae
868 4074 943 4127 mala
961 4073 1049 4127 citrea
1066 4071 1212 4127 inmiscere
1231 4073 1369 4145 solebant,

198 4163 299 4231 quibus
323 4179 377 4216 non
403 4162 494 4216 minus
519 4177 602 4230 quam
627 4161 703 4231 ligno
729 4161 842 4216 cedrino
861 4164 890 4217 et
909 4161 1058 4231 unguentis
1075 4160 1240 4230 fragrabant
1263 4162 1369 4218 cubilia

198 4251 244 4318 (cl.
265 4252 302 4304 VI
322 4256 361 4319 8):
385 4252 522 4307 uidendus
542 4251 693 4306 VHehnius
713 4250 963 4321 ‘Kulturpflanaeu'
988 4268 1015 4321 p.
1035 4251 1107 4305 38³¹.
1146 4250 1287 4304 confertur
1311 4252 1367 4305 ium

199 4339 279 4408 uirgo
301 4340 339 4393 sic
359 4342 410 4394 sub
425 4340 576 4409 Pasiphaes
595 4357 661 4394 cura
680 4344 710 4395 et
728 4355 822 4395 amoro
841 4339 938 4394 adulta
957 4338 1155 4408 conparatione
1172 4338 1254 4393 ualde
1273 4345 1369 4396 aurata
