2940 4912
621 339 902 396 Paaaaaoaaaa
1307 338 1350 403 35

143 510 363 587 inpudicitiam
396 509 618 587 perstringens
646 508 722 568 nihil
749 513 852 570 tamen
878 510 916 570 de
940 507 1045 570 Clodia
1069 509 1184 568 Metelli
1207 528 1299 569 uxore
1322 510 1353 568 19

146 609 272 668 medium
298 610 456 686 profert:
479 609 627 670 lasciuum
649 608 733 668 illam
752 608 1000 684 inhonestamque
1020 608 1128 683 uitam,
1147 625 1250 683 quam,
1269 606 1352 683 quid·

148 708 212 784 quil
240 708 284 767 de
318 707 495 768 Ciceronis
525 706 646 767 inimica
674 706 874 783 descriptione
905 706 1104 783 detrahimus,
1137 708 1276 782 apertum
1307 707 1354 764 est

151 806 254 866 arim
279 804 458 882 Clodiam,
481 806 552 865 inde
575 805 614 864 ab
637 823 715 864 anno
734 805 775 865 59
796 808 981 881 repetamus,
1005 824 1072 863 cum
1093 804 1196 864 fratris
1216 803 1352 879 exemplo

152 905 223 963 mlo
251 905 398 964 inducta
426 905 576 981 pudorem
603 921 720 962 omnem
748 902 837 978 plane
865 923 902 962 ea
929 903 1038 963 abiecit
1066 902 1162 980 magis
1187 900 1352 962 meretricis

156 1003 283 1077 pomis
309 1022 417 1080 quam
442 1005 600 1062 matronae
623 1001 810 1060 uerecundae
832 1020 914 1061 more
937 1021 969 1062 se
992 1021 1109 1078 gerens.

239 1101 417 1178 Reliquam
448 1099 573 1159 crosae
606 1101 700 1158 nium
734 1103 768 1157 11
798 1084 1019 1159 1919111119
1046 1101 1121 1159 1919
1148 1100 1191 1158 nu
1219 1099 1352 1173 11191911,

160 1198 304 1276 siqnidem
325 1200 397 1258 iam
416 1198 606 1257 redeundum
625 1200 672 1256 est
690 1196 728 1256 ad
747 1195 859 1256 Catulli
873 1196 1015 1258 Lesbiam
1033 1198 1262 1272 uidendumque,
1280 1215 1352 1256 num

162 1296 222 1356 baia
244 1293 316 1378 (9111
340 1316 460 1357 uerum
482 1315 590 1356 nomen
613 1292 735 1354 Clodiae
758 1293 852 1354 fuisse
875 1313 967 1372 supra
990 1288 1137 1376 uidimus)
1161 1314 1228 1354 eum
1248 1293 1353 1354 Clodia

163 1394 210 1453 dla
234 1394 472 1471 quadrantaria
499 1393 665 1454 conueniat.
712 1396 782 1452 sunt
806 1395 907 1452 autem
935 1399 1127 1471 argumenta,
1151 1394 1259 1470 quibus
1282 1393 1353 1452 Les·

166 1494 237 1552 biam
261 1500 295 1555 91
321 1495 408 1554 hanc
432 1492 571 1552 Clodiam
595 1511 648 1568 pro
677 1509 737 1549 una
760 1491 923 1567 eademque
952 1492 1104 1552 habendas
1129 1510 1195 1551 esse
1219 1509 1351 1567 sumpse·

167 1604 230 1653 rm
250 1593 318 1653 uiri
342 1592 432 1652 docti
455 1609 549 1668 supra
571 1588 698 1661 laudati,
722 1589 808 1650 haee:

246 1691 272 1752 L
297 1696 335 1752 ct
358 1690 477 1751 Lesbia
500 1693 532 1749 et
554 1686 659 1748 Clodia
681 1687 895 1763 quadrantaria
917 1689 1010 1750 nobili
1033 1689 1098 1749 loeo
1122 1693 1206 1749 ortas
1229 1694 1323 1750 erant.

247 1789 292 1852 11.
317 1789 434 1851 Clodia
457 1791 553 1865 nupta
571 1784 1352 1864 91919.Μ919119091911,9919599199199191-

171 1892 225 1947 tun
245 1890 342 1949 obiit:
372 1887 507 1948 Lesbiae
530 1905 648 1964 qnoque
675 1884 818 1943 maritum
845 1884 939 1946 fuisse
962 1884 1092 1945 uidimus
1119 1904 1247 1961 eumque
1274 1885 1352 1945 idem

170 1984 226 2046 tea
247 1987 334 2047 eirca
359 1992 483 2063 tempus
507 1984 644 2045 emedio
667 1980 794 2042 cessisse
817 2001 854 2042 ex
877 1982 921 2042 eis
945 1983 1077 2058 quaeda
1098 1981 1210 2042 Catulli
1233 1986 1265 2042 et
1283 1982 1353 2042 Les·

171 2081 232 2143 t'ns
252 2088 330 2160 post
353 2083 630 2144 reconciliationem
652 2098 754 2141 amore
777 2077 973 2138 disseruimus
998 2080 1063 2139 ueri
1086 2079 1122 2140 fit
1144 2080 1250 2141 simile.
1297 2080 1353 2140 hoc

174 2199 283 2258 quaque
312 2183 435 2258 optime
462 2180 614 2256 conuenit,
642 2178 721 2255 quod
745 2177 898 2252 Catullus,
926 2177 979 2254 qui
1007 2181 1077 2238 ante
1099 2179 1159 2238 1191·
1183 2177 1354 2238 Veronense

173 2278 243 2339 ehu
271 2281 379 2341 aliena
408 2280 441 2340 in
469 2278 558 2339 domo
586 2275 718 2337 exercuit
745 2293 878 2336 amorem
901 2295 1002 2352 suum,
1030 2277 1110 2336 hune
1132 2279 1239 2353 postea
1260 2276 1354 2336 libere

175 2379 315 2453 agitauit:
341 2397 400 2438 nac
424 2374 531 2438 Clodia
552 2377 623 2436 ante
645 2373 747 2434 mariti
769 2373 884 2433 obitum
907 2374 1042 2450 neglexit
1064 2375 1282 2435 uerecundiam.

256 2476 315 2537 III.
350 2495 432 2537 anuo
462 2477 504 2535 59
539 2473 644 2534 Clodia
675 2490 694 2532 a
722 2471 762 2533 M.
790 2471 891 2533 Caelio
919 2471 999 2534 Rufo
1032 2476 1151 2532 oratore
1184 2473 1354 2533 amabatur:

178 2571 283 2635 Catulli
306 2574 424 2635 Lesbia
452 2592 520 2633 eum
543 2572 622 2631 Rufo
652 2570 781 2646 quodam
809 2589 872 2630 rem
896 2569 1004 2630 habuit
1031 2570 1120 2646 idque
1149 2589 1183 2630 eo
1210 2573 1354 2648 tempore,

180 2692 230 2747 qno
253 2671 399 2733 Catullus
423 2690 460 2731 ex
482 2669 603 2730 Verona
624 2668 750 2729 Romam
773 2669 876 2741 rediit,
899 2669 954 2728 boe
978 2671 1025 2728 est
1047 2688 1073 2728 a
1098 2672 1149 2730 59.

260 2769 340 2830 1111.
371 2768 510 2829 Catullus
539 2787 561 2827 c.
585 2766 710 2825 LXXIX
739 2759 794 2847 (ef.
822 2766 863 2825 ibi
891 2759 1015 2847 comm.)
1045 2766 1182 2826 Lesbiam
1213 2767 1354 2827 Lesbium

180 2868 324 2943 Ι1991199111
345 2867 566 2943 cunnilingum,
586 2866 654 2925 119.
674 2863 808 2925 Clodiam
826 2864 976 2951 Clodium,
996 2866 1053 2923 sibi
1072 2867 1250 2942 praetulisse
1270 2867 1354 2926 dicit:

181 2968 278 3027 alodia
304 2965 527 3042 quadrantaria
555 2968 586 3024 et
610 2983 674 3022 oum
704 2963 736 3024 P.
761 2962 865 3022 Clodio
894 2963 989 3022 fratre
1017 2964 1165 3023 incestum
1192 2963 1297 3024 iecisse
1325 2969 1356 3024 et

181 3064 239 3125 599
264 3064 407 3125 Clodium
430 3064 576 3140 gentilem
600 3061 791 3137 turpissimae
815 3061 960 3137 libidinis,
984 3080 1073 3137 quam
1099 3061 1204 3122 Graeci
1227 3067 1354 3143 ytaeus-

181 3167 270 3223 aem‘v
294 3162 446 3224 uocabulo
475 3161 657 3238 significant,
689 3160 851 3236 explendae
879 3158 1090 3219 administrum
1114 3161 1254 3221 habuisse
1279 3162 1355 3222 diee-

182 3268 271 3325 atur.

263 3361 298 3422 V.
329 3360 459 3420 Lesbiae
482 3359 578 3437 magis
603 3358 757 3436 magisque
782 3356 964 3433 deprauatae
993 3356 1092 3431 imago
1122 3376 1140 3414 a
1165 3355 1283 3415 Catullo
1307 3375 1355 3414 ex·

181 3462 270 3521 stin
292 3458 438 3535 congruit
466 3477 603 3532 cumea,
637 3477 725 3534 quam
754 3454 791 3513 de
816 3453 936 3513 Clodiae
960 3454 1024 3512 uita
1048 3454 1208 3513 libidinosa
1231 3456 1261 3513 in
1285 3454 1355 3514 Cae·

181 3562 253 3619 ‚aaa
275 3558 420 3635 depingit
442 3556 545 3616 Cicero
567 3556 704 3632 quamuis
728 3571 922 3628 exaggerans.

260 3656 383 3727 Quibus
408 3654 593 3730 argumentis
617 3657 665 3711 sat
688 3653 762 3711 19119
787 3670 823 3709 ea
843 3651 1006 3725 sententia,
1031 3671 1090 3727 qua
1111 3671 1199 3710 unam
1219 3653 1355 3713 eandem·

185 3776 226 3829 ,99
251 3755 403 3815 seminam
427 3770 493 3811 esse
512 3751 652 3811 Lesbiam
672 3747 874 3808 Catullianam
894 3753 924 3807 91
944 3749 1079 3809 Clodiam
1099 3750 1214 3810 Metelli
1233 3772 1355 3812 uxorem

177 3862 306 3930 91199111,
335 3851 376 3911 ad
401 3869 468 3909 eam
486 3848 707 3924 probabilitatis
726 3850 867 3924 gradum,
890 3847 926 3904 ad
952 3865 1041 3922 quem
1065 3848 1142 3908 tales
1166 3852 1355 3925 quaestiones

177 3954 320 4014 aldueere
346 3967 522 4027 possumus,
546 3948 675 4008 adducta
699 3951 752 4007 991.
786 3965 854 4004 nam
879 3945 1082 4005 dubitationes
1102 3949 1256 4023 qiiaedam,
1280 3968 1356 4024 quae

176 4057 294 4123 assunt
321 4048 482 4118 subnasci,
506 4046 586 4107 sacili
609 4065 701 4122 opera
724 4046 872 4104 tolluntur
896 4062 1006 4101 omnes.
1039 4046 1136 4105 ueluti
1155 4046 1233 4121 quod
1253 4045 1356 4104 Clodia

174 4152 219 4208 iia
241 4156 321 4209 natu
347 4146 449 4205 maior
471 4149 537 4203 erat
559 4163 649 4220 quam
668 4142 818 4202 Catullus:
843 4142 942 4201 tenuit
966 4142 1069 4202 eadem
1090 4143 1244 4218 aequalem
1268 4142 1354 4200 119199

173 4248 293 4317 tulum,
315 4252 350 4306 91
370 4248 478 4304 notum
498 4245 545 4303 est
562 4262 649 4319 quam
665 4243 760 4300 multo
781 4241 1009 4317 periculosiores
1036 4260 1101 4300 esse
1127 4241 1243 4300 soleant
1263 4240 1356 4299 homi-

172 4350 251 4407 9991
276 4340 534 4406 adulescentibus
559 4340 686 4399 feminae
715 4340 812 4399 bellae
835 4345 935 4399 aetate
961 4341 1020 4397 iam
1044 4341 1212 4414 prouectas.
1260 4357 1356 4414 neque

120 4486 122 4491 -
172 4446 241 4519 ped
265 4445 385 4505 Cicero
413 4457 452 4498 ne
480 4438 568 4497 unico
596 4439 715 4512 ‹prideru
740 4439 832 4497 uerbo
861 4438 964 4513 tetigit
994 4437 1211 4496 nobilissimum
1236 4436 1356 4495 Clodiae

1107 4534 1144 4585 3*
