2940 4912
204 301 271 363 404
662 296 749 351 Lxlv
770 298 918 348 rar-rau.

204 480 231 531 p.
246 462 319 530 2³2).
349 459 429 514 ‘haec
448 457 562 513 misera’
583 457 628 527 (=-
642 456 693 511 has
707 454 855 524 miserias),
874 456 907 508 nt
925 451 1054 507 similiter
1069 451 1151 505 ‘haee
1166 449 1253 517 laeta,
1270 446 1377 502 histia’

204 547 392 614 substantium
419 548 454 602 el.
474 547 514 600 III
533 552 566 600 14
585 547 678 601 omnia
697 546 780 611 betta,
798 543 863 597 VIII
882 549 898 595 6
917 543 968 596 illa
986 542 1073 596 malta
1090 541 1195 608 iocosa,
1214 537 1380 593 Kuehnerua

204 655 245 708 gr.
259 636 278 695 l.
294 636 320 690 II
334 656 361 708 p.
379 643 442 705 1⁷43
462 637 577 691 ‘misera
597 635 731 705 sperare',
749 634 782 687 ut
802 637 853 686 186
869 631 958 685 ‘nulla
972 629 1047 700 spes’
1068 629 1097 684 et
1111 628 1231 697 saepius.
1264 629 1295 683 et
1312 625 1380 681 uide

203 725 421 795 pulcherrimam
443 724 502 780 iam
524 723 744 794 oppositionem,
772 738 823 791 per
850 719 1005 774 chiasmum
1029 735 1101 788 quae
1129 718 1173 772 fit:
1203 718 1286 772 ‘haec
1313 733 1380 788 pro·

203 813 300 870 missa'
322 817 352 869 et
371 815 438 884 ‘opt
458 813 650 883 hymenaeos’,
670 814 751 868 ‘haec
769 811 883 866 misera’
905 813 933 865 et
952 808 1085 864 ‘conubia
1103 807 1202 863 laeta’.
1240 805 1378 876 ‘muare'

204 903 346 974 (ambigue
365 920 428 958 cum
447 903 567 957 timendi
590 918 701 971 quoque
726 899 944 971 significatione)
965 898 1114 965 ‘iubebas’,
1133 899 1166 951 ut
1183 895 1267 965 Verg.
1286 894 1321 949 G.
1340 892 1380 947 IV

204 1000 257 1048 626
280 993 349 1063 quid
370 1010 411 1047 me
434 993 537 1047 coelum
560 1008 670 1060 sperare
692 988 823 1045 iubebas?
849 991 894 1059 (-
912 992 1011 1043 auctor
1029 1003 1092 1041 eras
1110 987 1144 1039 ut
1161 983 1324 1054 sperarem).
1345 1012 1380 1023 -

204 1079 270 1136 141.
294 1079 347 1136 sed
371 1080 501 1136 conubia
527 1080 624 1151 laeta,
650 1079 703 1134 sed
728 1079 848 1149 optatos
872 1077 1062 1146 hymenaeos.
1103 1074 1225 1130 inierant
1248 1073 1382 1127 amantes

203 1185 293 1240 uagae
312 1166 429 1224 Veneris
449 1167 581 1236 conubia,
606 1184 661 1222 non
683 1167 758 1221 iusta
781 1166 971 1237 legitimaque.
1008 1166 1082 1220 unde
1100 1181 1155 1219 non
1172 1162 1256 1217 modo
1276 1161 1379 1217 ‘rasa‘

204 1261 317 1327 praeter
335 1257 541 1328 oppositionem
559 1274 663 1312 nonum
688 1257 775 1311 habet
797 1255 920 1325 pondus,
945 1255 994 1309 sed
1018 1256 1048 1309 et
1064 1253 1136 1308 bene
1155 1251 1276 1306 altorum
1295 1250 1381 1305 colon

204 1346 336 1401 adicitur:
361 1346 510 1415 hymenaei
533 1347 644 1400 demum
668 1345 816 1415 perficiunt
840 1344 967 1400 conubia.
1005 1345 1079 1398 hune
1101 1361 1128 1397 ιι.
1147 1341 1177 1396 iu
1195 1356 1277 1394 snum
1294 1357 1382 1394 usum

205 1434 346 1489 conuertit
364 1432 448 1502 Verg.
464 1436 531 1488 Aen.
547 1434 585 1488 IV
601 1440 652 1489 316
667 1450 720 1503 per
738 1434 856 1487 conubia
874 1438 982 1500 nostra,
997 1448 1049 1501 per
1066 1432 1188 1499 inceptos
1204 1430 1379 1500 apameae:

202 1523 232 1577 in
251 1525 369 1591 utroque
387 1539 471 1577 uersu
490 1522 682 1578 animaduerto
701 1538 844 1577 caesuram
864 1521 1080 1577 seminonariam
1098 1517 1268 1574 rarissimam
1287 1533 1382 1586 neque

202 1611 260 1666 iere
286 1611 340 1666 nisi
367 1613 502 1681 sequente
528 1626 597 1666 uoce
622 1609 790 1682 graecanica
811 1610 985 1681 permissam.
1009 1639 1042 1650 -
1073 1606 1140 1663 142.
1168 1621 1245 1676 quse
1267 1607 1383 1662 cuneta

203 1697 281 1754 serll
300 1698 478 1769 discerpunt
496 1700 589 1756 irrita
607 1699 703 1755 uenti.
739 1700 774 1754 cl.
794 1699 937 1754 aduae.
976 1698 1066 1753 ‘uenti
1084 1696 1176 1764 aerii’,
1194 1698 1227 1751 nt
1245 1695 1323 1749 XXX
1346 1700 1382 1750 16

203 1787 318 1841 metretas
341 1789 444 1856 aeriae,
469 1787 549 1844 Ouid.
560 1789 640 1843 .met.
664 1787 704 1840 IX
726 1793 778 1842 219
802 1791 893 1843 aeriae
917 1803 1015 1855 aarum
1039 1786 1173 1857 Lygdam.
1194 1792 1224 1852 6,
1242 1789 1276 1839 27
1300 1787 1383 1840 uenti

206 1877 351 1932 ternerms'c
364 1882 439 1947 reeta,
451 1879 541 1933 aeriae
555 1883 579 1932 et
594 1878 678 1933 natea
691 1879 850 1947 diripienda
863 1878 962 1945 secat,
971 1874 1093 1930 maxime
1103 1874 1186 1945 Verg.
1197 1875 1264 1928 Aen.
1276 1872 1315 1926 IX
1324 1880 1382 1929 812

205 1967 293 2020 matta
302 1967 382 2035 patri
397 1968 529 2022 inundata
543 1967 628 2022 dabat
638 1968 790 2037 portando,
800 1968 941 2021 seductae
955 1967 1048 2021 emnia
1057 1966 1215 2035 discerpserat
1224 1970 1249 2019 et
1257 1963 1383 2018 aebbae

203 2055 288 2108 irrita
303 2055 409 2108 doceant
423 2056 452 2110 et
468 2055 548 2111 Ouid.
562 2055 620 2110 tr.I
634 2061 660 2124 8,
670 2060 704 2109 36
721 2062 854 2111 cunctane
867 2057 899 2110 ia
912 2070 1055 2124 ursaonae
1068 2054 1196 2110 stimet
1208 2053 1297 2108 insita
1312 2069 1382 2107 uers-

204 2148 253 2198 tos.
272 2143 319 2212 qui
329 2143 501 2212 prolepticus
511 2144 588 2199 nocie
600 2143 708 2198 ‘inrita’
722 2162 787 2199 usus
802 2161 892 2212 neque
907 2161 925 2197 a
939 2151 1037 2214 prosae
1048 2142 1182 2198 orationis
1197 2140 1383 2211 scriptoribus

203 2232 286 2302 plane
298 2231 419 2287 alienus:
434 2232 530 2287 Liuius
540 2232 656 2287 XXVIII
666 2238 700 2286 29
715 2234 826 2300 ausast
840 2234 934 2287 emnia
947 2233 1036 2287 inrita
1045 2232 1156 2287 obliuio.
1168 2262 1200 2271 -
1217 2229 1283 2285 148.
1297 2245 1382 2286 nuno

202 2320 261 2375 lam
281 2321 367 2375 nulls
384 2321 453 2375 uiro
478 2321 594 2377 lurantl
618 2321 730 2377 temlna
754 2320 868 2377 credat.
907 2321 1002 2375 ‘nune’
1030 2319 1135 2391 optime
1154 2317 1317 2374 BOuarinus
1336 2335 1381 2374 se·

203 2410 323 2465 cundum
343 2408 424 2464 Ouid.
439 2409 502 2464 fast.
523 2409 562 2462 Ill
581 2416 633 2465 476
653 2409 697 2480 (ci.
714 2411 818 2465 testim.
834 2410 889 2466 nol.
905 2408 928 2479 l)
947 2408 1075 2480 reposuit
1091 2425 1142 2479 pro
1160 2407 1210 2462 illo
1230 2407 1259 2462 in
1278 2407 1302 2463 V
1320 2409 1381 2462 tra·

203 2498 262 2554 dito
290 2499 383 2566 ‘tunr',
409 2499 485 2567 quod
510 2499 670 2554 etiamnunc
697 2501 762 2553 sunt
786 2499 834 2567 qui
859 2497 981 2568 pessime
1007 2497 1149 2569 explicent
1173 2497 1241 2552 ‘iam
1267 2512 1302 2552 ex
1326 2495 1381 2551 illo

204 2588 344 2656 tempore,
364 2603 420 2656 quo
439 2587 581 2656 perieram
601 2585 726 2642 Theseus
744 2586 883 2656 promissa
905 2585 1008 2655 dedit’,
1026 2585 1117 2641 securi
1135 2584 1327 2655 ineptissimae
1345 2585 1378 2639 in

203 2675 279 2730 dieto
304 2675 430 2746 generali
453 2675 622 2741 sententiae,
651 2693 723 2744 quae
747 2676 857 2746 flagitat
880 2675 1000 2731 ‘abhinc
1027 2693 1089 2730 meo
1117 2674 1245 2743 exemplo
1269 2673 1380 2741 discite,

203 2764 329 2834 puellae,
348 2764 473 2820 diffidere
492 2765 586 2831 uiris'3
610 2766 684 2833 quod
703 2765 810 2819 discere
834 2783 889 2820 non
913 2767 1007 2835 potest
1030 2763 1142 2820 initium
1161 2780 1268 2819 sumere
1287 2765 1324 2817 ab
1344 2781 1379 2818 eo

206 2855 333 2924 tempore
353 2870 407 2922 quo
427 2852 533 2908 iurauit
547 2855 684 2915 Theseus,
704 2852 753 2908 sed
768 2854 803 2908 ab
819 2871 852 2909 eo
867 2869 922 2923 quo
937 2853 1010 2908 salsa
1024 2853 1204 2908 iureiurando
1218 2868 1278 2906 esse
1292 2868 1379 2921 appa-

203 2942 273 3011 ruit,
293 2944 345 2997 hoc
364 2947 408 2995 est
425 2943 461 2996 ab
480 2960 513 2997 eo
532 2960 587 3011 quo
607 2943 733 3010 loquitur
751 2942 881 2998 Ariadne.
919 2941 1047 2997 imitatur
1065 2943 1138 2997 hunc
1157 2960 1183 2996 ιι.
1204 2940 1285 2996 Ouid.
1305 2958 1331 2995 a.
1351 2957 1377 2996 a

204 3030 244 3084 llI
263 3037 314 3085 467
330 3033 449 3100 parcite,
471 3031 643 3100 Cecropides,
661 3034 771 3086 iurarsti
789 3033 894 3087 mettere
915 3030 1020 3086 Ilioneo.
1059 3033 1182 3086 ceterum
1200 3031 1272 3084 bene
1291 3029 1378 3085 Assa-

203 3119 272 3172 tius:
293 3119 425 3173 ‘oratorie
443 3120 583 3174 neminem
607 3121 718 3190 excipit.
757 3122 921 3176 Aristoteles
940 3121 969 3175 iu
989 3120 1015 3174 ll
1033 3120 1147 3176 Rhetor.
1168 3120 1229 3192 [21]
1248 3115 1378 3174 nattam

204 3206 235 3263 dt
255 3205 293 3277 pr}
312 3205 394 3270 ὄντος
418 3205 546 3262 καθόλου
571 3207 675 3276 εἰπεῖν,
699 3207 817 3279 μάλιστα
841 3205 975 3282 ἁρμόττει
998 3206 1031 3266 ἐν
1055 3210 1226 3281 οχοιλιαομῴ
1250 3209 1300 3262 act
1323 3210 1379 3263 des·

203 3293 315 3366 edcet’,
340 3316 382 3367 cp.
402 3298 464 3353 Ter.
484 3298 568 3353 Andr.
589 3297 627 3351 IlI
653 3305 681 3367 1,
703 3306 714 3352 l
740 3304 770 3354 et
793 3301 893 3369 Hecyr.
912 3300 924 3353 I
945 3305 973 3366 1,
994 3306 1018 3353 1.
1043 3330 1076 3340 —
1101 3297 1168 3353 144.
1192 3298 1278 3352 nulls
1300 3297 1379 3353 ulrls

204 3387 308 3456 speret
323 3400 478 3442 sermones
493 3401 558 3442 esse
574 3387 688 3443 fideles.
715 3389 849 3458 ‘sperare’
861 3405 925 3444 enm
935 3388 1075 3443 infinitiuo
1085 3389 1240 3458 praesentis
1250 3388 1379 3442 iunctum

203 3476 279 3531 haud
306 3476 347 3531 ita
375 3493 438 3531 raro
466 3476 576 3530 accedit
599 3477 635 3531 ad
658 3478 802 3532 notionem
826 3478 969 3533 credendI:
998 3476 1101 3532 LXVII
1121 3484 1169 3547 44,
1194 3477 1334 3532 LXXXIV
1354 3484 1379 3533 7.

206 3565 295 3619 ‘uiris’
313 3565 431 3620 debetur
446 3563 615 3620 Passeratio:
635 3567 709 3621 male
725 3566 802 3620 ‘uiri'
820 3568 852 3634 V,
872 3567 1058 3637 redarguente
1072 3567 1122 3638 qui
1136 3568 1262 3637 sequitur
1275 3567 1380 3636 plurali

205 3654 305 3723 (‘quis,
325 3655 475 3720 metuunt’‚
495 3658 573 3724 cet.);
593 3673 682 3724 neque
706 3656 779 3710 enim
799 3657 970 3712 constructio
989 3674 1061 3727 quae
1085 3659 1203 3713 uocatur
1221 3653 1293 3711 sard
1313 3656 1379 3710 crir-

206 3761 265 3796 rcrv
286 3742 458 3809 (Kuehncrus
473 3763 513 3814 gr.
530 3745 547 3799 l.
568 3746 592 3799 ll
611 3764 637 3815 p.
655 3746 770 3813 16-20)
790 3745 963 3815 singularem
982 3746 1027 3800 hic
1047 3746 1159 3815 quidem
1179 3751 1280 3802 tuetur.
1309 3749 1381 3802 bene

205 3836 300 3886 autem
320 3849 338 3886 a
358 3832 429 3888 ‘uiro
448 3833 562 3887 iuranti’
580 3833 758 3888 adscenditur
775 3834 812 3888 ad
827 3836 987 3902 generalem
1006 3835 1129 3890 uirorum
1149 3837 1332 3903 mentionem,
1352 3840 1382 3892 et

206 3919 274 3987 hoc,
292 3921 382 3973 totum
403 3921 526 3974 uirorum
546 3940 635 3991 genus
649 3938 704 3976 non
723 3923 826 3978 habere
841 3926 942 3991 uerba,
962 3923 1064 3992 quibus
1082 3922 1150 3978 fides
1165 3927 1255 3993 possit
1272 3926 1381 3994 haberi,

206 4010 254 4063 sed
273 4026 290 4062 a
310 4014 411 4064 natura
429 4009 469 4063 eis
489 4027 549 4063 esse
569 4009 750 4078 destitutum,
770 4012 860 4066 multo
880 4011 979 4067 lortius
997 4014 1041 4066 est
1059 4012 1164 4066 dictum
1179 4030 1264 4081 quam
1283 4016 1308 4069 si
1328 4015 1381 4068 ‘ui-

206 4097 277 4150 rum’
296 4100 340 4165 (=
355 4098 491 4168 uirorum)
506 4100 653 4169 legeretur.
669 4131 703 4139 -
718 4097 786 4154 145.
806 4100 874 4167 quls
894 4099 963 4155 dun
982 4098 1098 4167 aliquid
1117 4098 1242 4168 raptem
1261 4102 1380 4158 menne

206 4187 375 4253 praegestit
402 4188 509 4256 apiscl.
552 4188 658 4257 ‘quis’,
685 4206 741 4244 non
766 4189 981 4257 ‘sermonibus’,
1008 4189 1057 4243 sed
1086 4187 1185 4243 ‘uiris'
1211 4192 1254 4256 (ut
1277 4189 1382 4246 docent

206 4291 232 4327 u.
254 4281 304 4328 116
319 4281 399 4345 sqq.).
437 4295 492 4332 non
511 4277 653 4331 seruatis
673 4277 851 4347 ‘praegestit’
872 4294 942 4333 uoco
960 4277 1066 4331 rariore
1084 4276 1150 4344 (Cic.
1171 4276 1246 4332 Cael.
1266 4284 1309 4343 28,
1329 4287 1380 4347 673

205 4361 271 4417 Hor.
295 4364 338 4419 od.
364 4364 388 4417 ll
413 4372 442 4431 6,
466 4369 495 4433 9)
521 4365 693 4436 praepositio
718 4384 796 4422 suam
820 4365 1053 4435 significationem
1078 4365 1124 4435 (cf.
1149 4363 1235 4419 Xth
1260 4371 1275 4420 7
1297 4384 1381 4436 prae-
