2940 4912
204 324 269 391 298
691 330 752 385 uxl
771 337 885 386 ιιι-ον.

205 496 312 549 ιίοιιιιιυι
331 496 372 548 irc
387 511 513 563 popam,
533 494 588 549 Cic.
606 496 681 548 Aret.
698 498 749 546 320
772 492 959 562 Capricornus
972 495 1072 549 uudcrc
1086 496 1190 564 perpit,
1210 493 1294 564 Verg.
1310 492 1379 548 Aen.

207 584 244 638 Vl
266 589 316 638 198
335 601 387 654 qao
409 584 514 638 tendere
530 589 655 653 percant.
689 582 787 638 eodem
806 583 889 637 modo
909 600 965 652 qno
984 601 1001 638 a
1019 583 1170 654 Pi(m)plca
1189 583 1324 654 oppidulo
1344 583 1380 638 ad

205 673 313 728 radices
328 671 442 743 Olympi
462 672 516 727 sito
536 673 582 727 hic
600 672 680 727 audit
699 672 788 727 ‘mons
807 670 984 742 Pi(m)pleus’
1005 672 1064 742 (CV
1084 674 1119 744 l),
1139 671 1226 728 etium
1246 672 1382 743 ‘Thespis

205 764 302 833 rupes'
328 766 372 830 (τε
392 780 484 829 mons,
510 758 642 816 LXlllllb
662 767 707 828 13,
731 762 813 831 Verg.
839 762 890 816 ecl.
910 767 939 828 0,
961 768 995 816 89
1015 763 1157 817 Parnasia
1178 779 1275 831 rupes,
1302 761 1381 817 Grai.

205 854 269 923 Cyn.
285 859 337 906 430
356 853 387 906 in
409 851 557 906 trinacrio
574 867 669 920 specus
687 852 784 920 τ’νιγτπσ
801 855 881 920 rupe)
900 850 980 905 audit
994 850 1110 905 Helicon
1129 868 1146 906 a
1161 849 1291 920 Tbespiis
1310 850 1381 905 urbe

204 941 233 995 in
257 941 316 996 ciue
339 940 482 995 radicibus
505 939 597 1010 posita
620 941 657 994 ad
680 941 770 994 sinum
791 939 959 1007 Crissaeum3
984 940 1018 995 ci.
1039 942 1141 995 Strabo
1159 959 1186 1011 p.
1206 945 1273 1006 409,
1299 941 1380 996 Paus.

205 1029 243 1084 lX
262 1037 307 1096 26,
332 1028 427 1099 Steph.
447 1027 511 1098 Byr.
531 1048 550 1082 a.
572 1047 597 1082 u.
620 1026 757 1094 Θέσπεια,
781 1030 858 1084 Eusi-
882 1029 918 1083 ad
938 1030 1019 1084 Hom.
1040 1029 1070 1084 ll.
1090 1028 1116 1082 Il
1135 1035 1187 1084 478
1212 1029 1281 1097 (cic.
1302 1031 1380 1085 Verr.

206 1119 241 1172 lV
261 1125 292 1185 8,
311 1122 341 1186 4,
364 1117 435 1171 Plin.
454 1118 481 1173 h.
502 1136 527 1172 n.
548 1117 663 1172 XXXVI
681 1124 713 1185 4,
731 1121 790 1188 39),
814 1117 903 1174 Varro
922 1119 948 1172 d.
969 1118 986 1173 l.
1007 1119 1024 1172 l.
1046 1118 1097 1173 VII
1117 1125 1151 1173 20
1176 1118 1210 1173 de
1231 1118 1319 1174 Musis
1340 1123 1382 1175 ito

204 1209 239 1263 ab
259 1209 430 1262 terrestribus
449 1208 515 1262 locis
534 1208 599 1261 aliis
617 1210 823 1277 copnomiootac
838 1209 1022 1274 Libethrides,
1039 1209 1192 1277 Pipicides,
1207 1208 1382 1278 Thespiades,

205 1298 385 1352 Heliconidcs.
421 1296 534 1350 ‘Aonia'
557 1297 668 1366 (Strabo
683 1315 710 1367 p.
725 1301 788 1367 412)
807 1297 982 1352 notissimum
1002 1301 1045 1353 est
1063 1297 1118 1352 dici
1138 1297 1249 1368 proprie
1268 1301 1379 1369 partem

204 1386 338 1441 Boeotiae
357 1386 431 1440 circa
448 1385 614 1442 Heliconem
633 1385 716 1441 eitam
736 1391 766 1440 et
788 1387 852 1440 inde
877 1387 971 1441 omnia
995 1402 1066 1456 quae
1084 1388 1114 1441 et
1132 1387 1168 1440 ad
1188 1387 1282 1442 Musae
1301 1385 1380 1457 (hino

206 1475 352 1530 ‘Aonides'
373 1474 475 1543 dictas)
494 1477 523 1529 et
541 1475 632 1545 ipsum
647 1480 770 1531 montem
790 1479 819 1530 et
837 1479 927 1531 totam
943 1474 1090 1530 Boeotiam
1104 1476 1266 1546 pertineant
1283 1477 1382 1532 uocari

208 1565 335 1630 ‘Aonia';
360 1581 400 1620 ex.
423 1583 465 1636 gr.
485 1565 567 1635 Verg.
587 1563 618 1621 G.
638 1564 677 1619 lll
699 1572 729 1619 11
750 1567 841 1620 Aonio
864 1567 971 1620 rediere
994 1567 1125 1619 deducam
1148 1566 1249 1620 uertice
1268 1565 1381 1631 Musas,

205 1654 251 1711 hic
267 1654 408 1708 Musarum
428 1657 557 1724 respectu
575 1670 675 1724 specus
694 1654 825 1709 dicuntur
844 1655 959 1712 ‘Aonii'.
990 1672 1055 1708 narn
1075 1659 1158 1709 antra
1176 1652 1320 1709 Heliconia
1340 1658 1382 1709 ut·

206 1749 272 1816 pote
291 1743 395 1814 frigida
414 1744 553 1798 Musarum
572 1743 736 1798 habitacula
753 1760 932 1813 recessusque
951 1742 1120 1812 tranquillos
1139 1743 1268 1810 (Pansam
1284 1744 1323 1798 IX
1339 1751 1383 1814 34,

205 1834 305 1889 Strabo
321 1854 347 1906 p.
363 1837 426 1903 410)
446 1836 545 1903 poetae
565 1831 677 1904 saepius
697 1836 928 1901 commemorant,
949 1836 979 1888 ut
997 1832 1062 1888 Hor.
1078 1833 1122 1887 od.
1137 1831 1215 1900 1114,
1230 1837 1265 1887 40
1287 1833 1383 1889 Pierio

204 1930 298 1992 ontro,
324 1922 404 1994 Prop.
431 1922 469 1977 lll
496 1929 526 1989 3,
551 1929 585 1977 87
605 1941 679 1991 sqq.,
706 1921 811 1976 Colum.
836 1921 862 1974 X
884 1929 936 1977 267
963 1929 1097 1992 antraque
1123 1923 1254 1977 Castaliis
1279 1939 1383 1992 seraper

204 2014 331 2070 rorantia
348 2013 441 2082 partu.
457 2042 490 2051 -
510 2011 559 2082 80,
579 2011 628 2066 80.
646 2011 779 2080 Nympha
798 2025 873 2079 qnos
892 2026 985 2080 super
1004 2011 1117 2077 lrrtgat
1136 2011 1290 2077 frigerans
1304 2013 1382 2079 Aga·

204 2103 306 2173 nippe.
343 2101 379 2155 de
401 2099 456 2157 hoc
479 2100 556 2156 fonte
580 2099 723 2155 Heliconis
748 2100 865 2157 Pauson.
885 2101 922 2154 IX
942 2107 990 2170 29,
1010 2108 1026 2155 3
1050 2099 1121 2154 dicit
1145 2096 1176 2155 tr
1195 2096 1326 2154 Ἑλικῶνι
1350 2098 1382 2155 δὲ

203 2189 275 2263 πρὸς
298 2188 329 2247 τέ
353 2187 437 2253 α’ίσος
462 2187 535 2245 ἰόντι
558 2191 614 2244 τῶν
635 2190 758 2245 Μουσῶν
784 2187 815 2245 έν
841 2185 975 2265 ἀριστερᾷ
999 2189 1051 2260 μέν
1076 2185 1093 2258 ἡ
1116 2185 1267 2259 Ἀγανίππη
1292 2187 1383 2259 πηγή·

203 2279 352 2351 θυγατέρα
380 2278 412 2335 δέ
437 2276 512 2334 εἶναι
535 2277 587 2348 τὴν
609 2275 781 2349 Ἀγανίππην
805 2281 855 2334 τοῦ
882 2281 1028 2348 Τερμησου
1054 2276 1178 2348 λέγουσι’
1207 2275 1256 2348 ρει·
1276 2279 1309 2334 et
1333 2279 1383 2335 ml

205 2363 288 2433 οὗτος
311 2366 325 2424 ὁ
354 2364 500 2439 Τερμησὸς
522 2368 587 2439 περὶ
610 2365 660 2423 τὸν
683 2363 826 2425 Ἑλικῶνα.
863 2367 918 2440 τὴν
943 2366 974 2424 δὲ
1000 2363 1122 2423 εὐθεῖαν
1145 2363 1288 2438 ἐρχομένῳ
1311 2365 1385 2436 πρὸς

205 2458 236 2516 τὸ
256 2455 340 2522 ἄλσος
360 2456 435 2515 ἐστίν
456 2455 539 2513 etrus
559 2453 699 2528 Εὐφήμης
719 2453 925 2527 ἐπειργασμένη
943 2459 1028 2528 λίθῳ’
1048 2451 1155 2527 τροφὸν
1178 2454 1210 2512 δέ
1231 2455 1379 2528 εἶναιτὴν

205 2547 348 2621 Εὖφήμτγν
372 2549 483 2618 λέγουσι
508 2550 563 2603 τῶν
588 2549 728 2603 Μουσῶν·
755 2546 859 2616 ταύτης
883 2547 916 2603 δέ
943 2538 995 2603 οὖν
1022 2543 1106 2602 είπών
1132 2545 1181 2600 καί
1204 2541 1266 2616 μετ’
1291 2543 1384 2618 αὐτὴν

205 2643 289 2703 Λίνος
316 2635 390 2694 ἐστὶν
415 2634 446 2693 έν
470 2636 560 2712 πέτρᾳ
585 2638 670 2712 μικρᾷ
696 2639 833 2705 σπηλαίου
857 2633 960 2706 τρόπον
988 2633 1169 2707 εἰργασμένῃ·
1194 2632 1284 2708 τούτῳ
1309 2634 1383 2692 κατὰ

206 2728 267 2791 ἔτος
294 2727 412 2781 ἕκαστον
440 2723 493 2795 πρὸ
520 2727 569 2794 τῆς
596 2729 702 2788 θυσίας
727 2726 782 2780 τῶν
809 2727 934 2779 Μουσῶν
961 2720 1122 2793 έσαγίζουσι
1148 2724 1193 2794 (cf.
1218 2728 1247 2780 et
1272 2725 1382 2781 callim.

205 2818 238 2872 fr.
260 2823 336 2888 100⁰,
354 2825 371 2871 4
391 2817 493 2886 Schn.).
533 2815 697 2887 ‘Nympha’
717 2814 830 2885 proprio
849 2815 936 2884 igitur
955 2831 1039 2868 sensu
1057 2813 1165 2884 aceipc;
1191 2815 1264 2869 male
1288 2819 1382 2885 postc-

205 2907 277 2962 riorc
305 2911 430 2976 tempore
454 2906 547 2960 Musas
577 2907 690 2958 easdem
719 2922 781 2959 cum
809 2904 949 2974 Nymphis
979 2903 1106 2958 iecerunt
1129 2904 1174 2973 (ci.
1199 2902 1384 2960 HDeitcrsius

204 2996 294 3051 libelli
314 2996 410 3050 ‘ueber
429 2995 474 3049 die
490 2994 655 3063 Ver-ehruug
674 2993 723 3048 der
738 2994 835 3047 Muscn
855 2992 901 3046 bei
920 2993 973 3047 den
989 2992 1150 3058 Griechen',
1170 2993 1284 3048 Bonnae
1302 2999 1381 3062 1808,

204 3104 231 3157 p.
255 3093 286 3140 15
302 3088 386 3155 sqq.);
404 3084 535 3138 nimirum
554 3082 650 3137 Musae
669 3100 779 3152 quoquc
797 3081 960 3137 Heliconiae
978 3083 1118 3137 siluestris
1137 3083 1237 3150 templu
1255 3084 1383 3139 terrebunt

205 3175 411 3245 Nympharum,
431 3175 529 3243 quibus
548 3191 560 3227 c
575 3175 682 3228 scibant
696 3173 799 3227 ιιπιονίο
812 3176 917 3240 fluenta
931 3173 1038 3227 lubrica
1048 3172 1179 3240 proluuic
1194 3173 1274 3242 torpa
1289 3174 1382 3229 ίονττσ

205 3265 301 3319 νοτίου
324 3280 408 3330 saxa,
433 3264 527 3317 umido
551 3279 634 3327 earo,
657 3279 739 3331 super
762 3263 851 3316 uiridi
873 3263 1014 3316 stillantia
1037 3277 1127 3315 russeo
1145 3261 1238 3328 (Luer.
1260 3261 1283 3313 V
1303 3264 1381 3332 s4a);

208 3353 299 3424 qualis
319 3354 418 3407 domus
438 3353 632 3424 Nympharum
652 3351 745 3421 (Verg.
766 3354 835 3405 Aen.
855 3353 866 3405 l
888 3357 946 3418 160,
966 3351 1047 3420 Prop.
1063 3349 1075 3402 l
1094 3356 1137 3417 20,
1157 3353 1201 3416 34)
1219 3357 1303 3420 grata
1321 3355 1383 3406 erat

206 3443 310 3512 frigora
330 3458 363 3496 ex
382 3443 462 3511 aquis
482 3441 602 3512 aspersis
621 3442 717 3496 inlato.
755 3441 809 3495 hoc
834 3441 949 3495 uerbum
971 3439 1127 3509 ‘frigerare'
1148 3455 1221 3493 nunc
1240 3455 1306 3493 casu
1324 3458 1381 3496 non

209 3534 287 3586 extat
301 3532 355 3586 nisi
370 3533 444 3601 apud
460 3531 598 3586 medicum
614 3530 687 3586 Cael.
700 3534 764 3585 Aur.
782 3533 854 3586 scut.
871 3529 909 3583 llI
923 3536 967 3599 21,
981 3534 1033 3583 008
1049 3532 1074 3599 (e
1089 3528 1250 3583 coniectura
1262 3528 1381 3584 tortasse

206 3626 249 3676 est
260 3621 462 3676 restituendum
471 3638 570 3691 paneg.
579 3622 660 3674 Meos.
669 3623 728 3689 60);
738 3619 896 3689 ‘refrigero'
907 3619 1066 3672 etiamnunc
1077 3616 1152 3686 apud
1162 3614 1277 3672 idoneos
1285 3623 1380 3673 aucto-

206 3729 249 3765 res
267 3711 394 3765 hebetur.
421 3711 526 3780 ‘super’
538 3710 738 3764 aduerbialiter
747 3727 798 3780 pro
810 3708 951 3777 ‘desuper'
963 3707 1042 3774 (Aen.
1053 3705 1091 3759 lX
1103 3707 1172 3775 188).
1183 3737 1213 3745 -
1225 3704 1273 3777 81,
1283 3706 1332 3761 82.
1346 3722 1382 3762 ao

210 3800 328 3854 domum
343 3799 494 3854 tonitrum
510 3814 584 3854 noca
598 3798 736 3865 coniugis
751 3797 889 3868 cupidam
905 3797 987 3852 nont.
1011 3796 1112 3850 iterum
1125 3795 1287 3864 Hymenaeo
1302 3796 1381 3850 attri-

206 3890 302 3944 buitur
320 3889 350 3942 id
368 3890 443 3959 quod
462 3890 561 3944 chorus
582 3890 661 3955 tacit¹
682 3889 729 3957 qui
750 3905 851 3943 nouam
870 3893 986 3958 nuptam
1007 3905 1040 3941 ex
1060 3887 1144 3939 domo
1162 3889 1279 3954 paterna
1297 3889 1382 3941 uocat

206 3978 234 4032 in
255 3979 367 4034 domum
387 3980 488 4034 mariti.
519 3979 642 4033 ‘domum
663 3978 816 4032 dominom’
838 3997 902 4032 cum
921 3976 1019 4047 pulcra
1035 3975 1232 4047 paronomasia
1250 3981 1382 4045 respectu

205 4070 386 4124 deriuationis
405 4074 449 4125 est
467 4069 587 4134 dictum,
612 4085 676 4123 nam
695 4086 711 4123 s
730 4068 813 4122 domo
833 4085 895 4122 erus
922 4067 981 4122 siue
1001 4063 1205 4138 paterfamilias
1224 4064 1316 4119 dictus
1336 4068 1381 4120 esi

207 4158 369 4227 ‘dominus’‚
389 4176 438 4213 era
456 4159 515 4213 siue
535 4157 748 4212 materfamilias
770 4157 906 4212 ‘domina'
930 4157 1012 4226 (Plut.
1033 4174 1060 4226 q.
1079 4156 1111 4209 R.
1131 4162 1165 4210 80
1184 4149 1257 4210 ὅπου
1277 4151 1310 4210 σέ
1332 4151 1379 4210 κέ-

205 4267 264 4313 osor
290 4249 338 4301 καὶ
363 4246 575 4315 οἰκοδεσπότης,
599 4249 646 4300 καὶ
672 4242 726 4315 lyci
751 4249 833 4315 κυρία
861 4247 908 4302 καὶ
934 4243 1157 4313 οίνοδέσποινα);
1185 4245 1379 4315 fallunturque

205 4336 294 4390 nostri
320 4339 535 4407 etymologistae
562 4337 598 4390 ad
624 4336 680 4390 alia
706 4337 866 4392 aberrantes
894 4334 1041 4404 (GCurtius
1067 4333 1132 4387 libri
1163 4334 1377 4406 ‘Grundruege’

206 4446 231 4496 p.
252 4428 348 4494 232⁸);
365 4427 506 4541 :amabant
524 4427 602 4480 illam
622 4428 817 4496 cognationem
837 4425 959 4479 indicare
979 4424 1088 4476 ueteres
1108 4421 1257 4494 iungentes
1277 4441 1318 4479 ex.
1338 4443 1379 4495 gr.
