2940 4912
208 361 275 426 262
747 358 796 413 Lll
816 366 841 413 a.

209 525 275 580 sella
298 521 551 578 metumientem.
589 519 665 589 quod
689 519 880 589 spectaculum
903 519 950 574 hIc
973 518 1049 574 iusta
1071 519 1163 574 elatus
1186 519 1320 592 superbia
1341 520 1383 576 in·

210 613 300 685 gessit
316 610 411 683 pueris
429 611 525 680 inepte
544 608 714 678 fastidiosis,
736 608 766 662 id
785 608 893 664 Nonius
911 609 1048 679 optulisse
1071 608 1185 665 uidetur
1207 627 1270 665 cum
1290 611 1383 665 osten·

210 703 318 759 tatione
334 700 462 771 quaesita
481 697 708 754 erubescentibus
727 699 799 753 hanc
813 697 1012 768 indignitatem
1027 699 1108 753 bonis
1121 698 1272 770 probisque
1294 701 1383 755 omni·

210 792 271 847 bus.
315 789 451 844 ‘struma’
482 791 577 843 autem
605 804 668 842 cum
696 787 764 843 olim
790 788 942 857 praeeunte
971 787 1114 858 Scaligero
1141 789 1306 844 habuissent
1332 808 1384 860 pro

211 879 379 952 cognomine
398 881 499 950 (neque
517 879 613 932 tamen
632 877 686 932 hoc
705 875 819 946 quidem
834 893 989 947 cognomen
1003 880 1101 933 notum
1115 881 1159 933 est
1173 878 1295 947 aliunde,
1314 879 1385 934 alio·

212 970 280 1040 quin
294 986 358 1024 cum
373 969 418 1024 sat
432 968 543 1023 constet
555 967 647 1021 multa
661 965 784 1036 corporis
798 966 869 1028 uitta
883 965 913 1020 in
928 967 1095 1038 cognomina
1108 967 1219 1037 abiisse,
1235 969 1269 1023 cI.
1284 984 1328 1023 ex.
1343 987 1384 1040 gr.

214 1058 363 1114 ‘Plautus’
392 1059 421 1112 ct
445 1056 622 1125 ‘Plancus'),
647 1054 751 1110 rectius
776 1053 939 1110 Haackbius
964 1056 1106 1125 ceterique
1131 1063 1200 1126 quos
1224 1056 1282 1112 dixi
1308 1057 1385 1113 docti

214 1148 374 1218 cogitauere
394 1147 428 1201 de
447 1145 579 1201 conuitio.
618 1144 714 1198 Celsus
732 1143 758 1197 V
776 1150 820 1211 28,
840 1151 855 1199 't
874 1149 981 1200 strum
999 1151 1037 1200 cst
1055 1151 1154 1215 tumor,
1172 1147 1204 1201 iu
1221 1163 1274 1216 aare
1292 1147 1387 1202 matter

213 1237 480 1307 concretaquaedam
490 1251 601 1305 corpure
615 1234 783 1303 asauguim
796 1237 877 1303 quasi
889 1236 1039 1305 glandulae
1048 1236 1179 1291 oriuntur
1194 1279 1218 1292 ..
1233 1243 1388 1293 nascuntur

214 1328 332 1383 maxims
355 1327 386 1381 iu
408 1326 525 1391 ceruice,
547 1325 593 1379 sed
616 1323 698 1378 etiam
720 1323 753 1376 iu
777 1323 831 1378 alis
853 1328 878 1378 st
900 1325 1072 1395 inguinibus.
1109 1327 1209 1395 postca
1228 1325 1386 1381 ‘scrofulas‘

214 1415 274 1470 siue
298 1414 427 1469 ‘seratas’
453 1415 506 1469 hoc
529 1412 630 1466 uitium
654 1409 807 1479 nocebant,
830 1411 903 1467 unde
926 1429 976 1482 per
998 1414 1122 1483 glossam
1147 1412 1228 1470 uaria
1248 1413 1335 1470 lectio
1359 1416 1389 1471 in

214 1503 296 1558 Marii
320 1503 459 1558 Victorini
482 1501 561 1558 codd.
585 1500 670 1557 obuia
693 1501 807 1556 ‘scrofa’
832 1501 880 1556 uel
904 1500 1014 1557 ‘strofa’
1039 1505 1177 1574 prouenit.
1221 1519 1277 1574 quc
1299 1504 1389 1575 igitur

214 1592 285 1647 uitio
305 1594 416 1647 constat
431 1589 576 1646 Vatinium
595 1589 750 1646 deformem
768 1589 855 1645 tuisse
874 1591 920 1660 (ei.
935 1590 1054 1662 interpp.
1070 1593 1106 1648 ad
1121 1592 1177 1650 Cic.
1192 1594 1262 1650 Sest.
1278 1597 1321 1662 66,
1338 1601 1390 1650 1³5

215 1683 264 1754 qui
282 1687 393 1737 merant
406 1685 508 1751 pestem
531 1680 653 1749 aliquam
678 1683 818 1749 tamquam
840 1684 973 1735 strumene
991 1682 1129 1750 ciuitatis,
1148 1682 1312 1739 Schwabius
1331 1684 1351 1738 l.
1370 1685 1390 1740 l.

214 1790 241 1843 p.
257 1775 312 1839 35),
331 1770 429 1825 eodem
449 1769 534 1824 etiam
550 1767 659 1824 Nonius
677 1767 796 1839 insignis
815 1767 870 1823 fult
888 1768 976 1837 (recte
989 1768 1111 1840 Heysius
1129 1770 1215 1827 uertit
1234 1772 1296 1826 ‘der
1314 1773 1390 1828 Kiel-

213 1860 299 1930 lrropf
314 1859 456 1929 Nonius’).
495 1857 595 1927 quodsi
618 1873 681 1912 cnm
704 1858 757 1912 hoc
780 1856 877 1913 statim
900 1858 1079 1915 coniunctum
1103 1861 1223 1932 legimus
1242 1860 1391 1918 Vatinium

214 1952 250 2008 ob
274 1952 410 2005 strumam
433 1946 701 2018 exagitatissimum,
730 1946 804 2002 ultro
832 1946 1021 2002 exclamemus
1045 1950 1158 2020 ‘pulcre
1182 1952 1313 2006 conuenit
1338 1952 1391 2007 im-

215 2037 311 2110 probis
334 2036 495 2103 homullis‘,
518 2052 580 2090 cunr
604 2035 770 2105 praesertim
793 2034 865 2090 illud
891 2037 1029 2092 ‘struma’
1054 2037 1095 2093 ita
1117 2039 1155 2094 sit
1177 2039 1300 2110 positum
1323 2045 1392 2098 ante

218 2127 367 2196 ‘Nouius’,
391 2128 422 2181 ut
445 2124 523 2181 facili
547 2141 633 2195 opera
655 2124 742 2179 otiam
761 2125 797 2178 ad
818 2124 979 2181 ‘Vatinius‘
1001 2126 1098 2182 reterri
1116 2128 1213 2199 possit
1234 2158 1267 2168 -
1286 2127 1316 2183 8.
1335 2144 1393 2199 per

217 2215 408 2274 consulatum
427 2214 564 2284 perierat
581 2213 732 2269 Vatlnlus.
760 2213 789 2269 P.
804 2213 945 2284 Vatinius,
965 2216 1000 2269 de
1018 2232 1074 2284 quo
1092 2214 1128 2272 ct.
1147 2214 1184 2270 ad
1198 2215 1274 2285 LIII,
1294 2218 1392 2272 consul

218 2307 274 2362 tuit
291 2323 316 2361 a.
336 2311 370 2361 47
396 2306 470 2360 teste
488 2303 577 2359 DIone
597 2301 691 2358 Cassio
710 2303 786 2357 XLII
805 2309 839 2358 te
863 2304 910 2372 (cf.
929 2303 1016 2360 etde
1039 2306 1093 2361 boc
1115 2305 1264 2360 consulatu
1286 2307 1393 2361 salsam

219 2395 359 2452 Ciceronis
377 2395 484 2450 dictum
498 2395 584 2449 Macr.
599 2393 625 2447 lI
639 2398 664 2463 3,
681 2394 733 2461 15).
760 2409 848 2462 usque
867 2394 904 2449 ad
918 2394 992 2463 quod
1005 2396 1117 2465 tempus
1131 2393 1235 2450 uixisse
1249 2393 1393 2450 Catullum

216 2503 336 2555 eumque
361 2484 466 2539 uidisse
491 2482 637 2538 Vatinium
664 2482 806 2538 consulem
831 2499 895 2536 cum
920 2483 1003 2553 plane
1031 2483 1069 2539 sit
1093 2483 1270 2554 inprobabile
1296 2488 1395 2555 (supra

216 2596 243 2647 p.
258 2579 313 2645 40),
332 2574 438 2628 dudum
456 2572 521 2628 iude
540 2573 575 2627 ab
595 2571 739 2626 Hadriano
758 2570 888 2627 Turnebo
910 2570 985 2642 [adu.
1001 2573 1066 2627 XXI
1081 2573 1126 2644 11]
1145 2572 1309 2628 intellexere
1328 2591 1394 2643 pru·

218 2665 373 2730 dentiores,
397 2680 453 2718 non
476 2679 527 2732 per
546 2679 608 2717 eum
628 2678 711 2730 quem
729 2659 819 2730 gessit
837 2661 922 2729 (quod
941 2677 1038 2731 perse
1057 2679 1157 2731 parum
1176 2664 1220 2716 est
1238 2661 1393 2733 credibile),

220 2754 270 2809 sed
288 2770 338 2824 per
357 2770 420 2808 eum
440 2769 524 2821 quem
543 2751 654 2821 optauit
672 2749 849 2805 consulatum
863 2748 1008 2804 Vatinium
1023 2749 1095 2806 salso
1114 2750 1257 2806 iurauisse.
1285 2751 1394 2821 optime

222 2860 280 2898 rem
305 2840 467 2909 explanauit
489 2840 641 2909 (iudicante
659 2837 783 2908 Hauptio
805 2855 897 2908 opusc.
917 2838 930 2891 l
952 2856 979 2908 p.
999 2841 1027 2908 9)
1051 2839 1186 2896 Heuricus
1205 2839 1335 2895 Valesius
1358 2842 1395 2897 ad

222 2931 313 2985 Amm.
329 2928 453 2984 Marcell.
468 2927 558 2983 XXIV
577 2935 602 2996 3,
621 2934 637 2982 9
657 2929 800 2983 auimsatat
817 2933 907 2983 autera
927 2928 1062 2984 Iulianus
1079 2932 1240 2997 caeritum,
1258 2946 1320 2986 cum
1337 2947 1395 2987 aaa

219 3038 269 3091 per
293 3020 433 3085 caritates,
457 3020 504 3074 sed
525 3034 576 3087 per
601 3017 744 3072 inchoatas
769 3018 939 3088 negotiorum
963 3011 1167 3088 mapuitudiues
1190 3020 1324 3075 Maura
1346 3021 1396 3076 ad·

219 3111 311 3166 adm.-
341 3107 397 3163 ‘sic
421 3108 471 3162 sut
496 3109 592 3177 iugum
617 3108 731 3162 mitteret
759 3105 873 3173 Pasas,
897 3108 940 3162 ita
964 3115 1123 3178 quassatum
1148 3116 1280 3165 recrearet
1305 3111 1395 3166 mem

221 3197 399 3255 Romanum’.
420 3202 451 3250 ut
464 3197 606 3250 Traianus
618 3196 708 3262 samur
720 3196 885 3266 aliquotiens
898 3197 1019 3252 iurando
1028 3197 1104 3254 diota
1119 3214 1258 3254 consuesse
1271 3200 1396 3267 fimare:

223 3289 274 3344 ‘sic
292 3289 323 3342 iu
337 3286 552 3356 prouinciarum
570 3287 683 3355 maciem
701 3286 826 3340 redactas
844 3287 954 3341 uideam
972 3286 1093 3341 Daciam
1111 3292 1136 3344 et
1150 3287 1337 3357 Parthiam't),
1356 3290 1397 3344 sic

222 3377 354 3449 paratibus
377 3376 506 3431 Histrum
528 3381 553 3431 et
572 3375 743 3445 Euphratem
765 3376 903 3444 superera'
929 3382 954 3430 et
975 3377 1080 3432 amaia
1098 3378 1231 3448 plurima.
1269 3377 1396 3447 adquae

223 3467 366 3523 Valesius=
387 3464 515 3535 ‘antiqui
533 3481 583 3536 per
600 3468 668 3521 uota
686 3464 831 3533 iurabant,
850 3468 882 3520 ut
899 3464 1031 3522 Vatinius
1049 3468 1091 3522 ita
1108 3468 1204 3524 matut
1221 3469 1288 3535 fiam
1368 3471 1398 3524 et

196 3603 197 3607 ,
223 3559 375 3626 Cleopatra
393 3555 522 3624 quotiens
545 3554 636 3610 iurare
661 3555 789 3622 uolebat,
813 3555 966 3610 maximum
989 3556 1018 3611 id
1041 3562 1139 3614 uotum
1162 3555 1340 3627 concipiebat
1357 3559 1398 3613 sic

224 3649 253 3702 ia
274 3646 409 3716 Capitolia
427 3646 493 3700 iura
516 3645 642 3710 reddam,
665 3646 737 3699 teste
760 3643 849 3699 Dione
868 3649 915 3714 ⁶0,
935 3652 966 3714 53
990 3649 1020 3702 et
1043 3646 1117 3703 Otho
1140 3647 1233 3718 ipsum
1257 3645 1396 3702 Neronem

224 3736 315 3791 adhuc
335 3733 462 3803 priuatus
482 3732 636 3800 adloquens
655 3731 695 3787 sic
714 3731 851 3788 iurauisse
870 3733 906 3787 ab
926 3735 1025 3790 eodem
1047 3734 1159 3807 [Dione]
1179 3734 1282 3790 dicitur
1299 3737 1340 3791 sic
1357 3754 1399 3791 me

225 3824 366 3880 Gaesarem
389 3823 512 3888 rsidcas’,
535 3825 735 3892 comparatque
758 3820 859 3878 deinde
883 3824 940 3880 Cic.
964 3825 1001 3880 ad
1025 3824 1089 3880 iam.
1111 3831 1156 3891 10,
1176 3831 1206 3893 9,
1230 3825 1293 3880 Son.
1317 3826 1398 3896 epist

226 3918 286 3980 117,
305 3919 348 3980 23,
367 3910 433 3968 alia.
470 3914 532 3966 tuto
551 3910 640 3981 igitur
658 3911 738 3966 nobis
757 3912 894 3981 fingemus
909 3913 1055 3968 VatInium
1075 3915 1114 3967 sic
1134 3915 1232 3982 quauis
1252 3914 1400 3971 occasione

225 4004 387 4073 loquentem
407 4000 460 4056 ‘ita
479 4000 575 4056 consul
594 4001 672 4067 tiam,
692 4017 759 4056 uera
783 4001 853 4055 haec
875 4000 961 4056 uerba
978 4001 1054 4055 suut’
1075 4000 1248 4060 similitcrue.
1285 4020 1351 4058 nam
1370 4007 1400 4060 et

305 4133 438 4142 „.--——-

296 4211 321 4280 ³¹³)
341 4211 381 4264 ‘ct
400 4206 555 4262 Parthiam'
578 4225 611 4262 ex
630 4225 693 4263 mea
712 4208 872 4263 coniectura
892 4202 1000 4272 addidi,
1025 4208 1057 4259 ut
1075 4206 1176 4260 siradet
1202 4209 1260 4263 tam
1280 4209 1400 4280 pluralis

227 4289 457 4359 ‘praenunciatum’
483 4305 567 4357 quam
593 4289 668 4357 quod
693 4288 774 4343 codd.
798 4287 902 4342 babent
925 4283 1076 4341 ‘redactas’
1099 4287 1276 4354 (‘rcdactam'
1302 4290 1400 4362 uulgo)

226 4375 255 4424 ct
273 4370 348 4438 quod
368 4368 493 4437 sequitur
508 4368 715 4438 ‘Euphratem’3
735 4368 787 4423 hoc
806 4366 880 4421 cuim
895 4366 969 4419 rcctc
983 4364 1211 4421 Gardthauscnus
1228 4368 1354 4426 restituit
1368 4388 1401 4428 ex

228 4449 345 4509 Gcleuio
365 4451 394 4506 ct
412 4448 544 4504 Accursio
562 4464 614 4519 pro
633 4446 809 4520 ineptissimo
827 4446 878 4502 illo
898 4444 1053 4502 ‘aufidum'.
