2940 4912
188 333 253 396 524
385 366 392 377 ·
679 330 809 389 uxvfflb
827 339 870 389 se.

187 512 242 550 non
261 495 366 565 potnit,
385 494 533 564 quominus
552 512 582 549 se
602 495 701 549 relicta
720 495 801 549 Ilium
827 492 1061 564 proficisceretur;
1087 493 1197 549 mortuo
1216 494 1363 564 persuasit,

187 586 219 637 ut
237 583 344 657 relictis
363 583 459 638 inieris
480 583 516 638 ed
536 601 566 638 se
585 582 712 638 rediret'.
742 584 810 638 haec
828 585 862 636 ut
879 582 988 653 priscae
1008 582 1121 637 fabulae
1140 581 1244 637 formae
1263 599 1362 652 parum

186 672 335 728 conuenire
355 690 440 741 cupra
463 670 728 741 demonstrauimus,
752 671 830 726 itae
853 687 920 725 uere
944 671 1146 726 aberraeerunt
1168 671 1315 725 doctorum
1333 671 1363 725 in

186 761 291 817 inillis
312 761 372 830 ‘qui
391 762 482 815 tuum'
504 759 636 815 sanandis
655 759 844 828 coniecturae,
870 778 932 815 cum
952 761 1003 814 ant
1020 775 1038 813 a
1056 757 1152 829 pdella
1169 757 1231 814 uiro
1250 763 1363 817 mortno

185 853 236 905 aut
254 849 289 903 ab
309 849 364 905 hec
387 850 498 921 puellae
522 849 620 920 iugum
642 850 796 920 inpositum
820 867 880 904 esse
902 849 1041 919 fingerent
1064 849 1135 902 miro
1159 849 1243 904 modo
1266 849 1363 920 negle-

185 941 339 1008 gentesque
358 940 494 994 formulae
514 940 589 994 illius
608 957 688 994 usum
707 943 822 994 certum.
859 940 894 992 ad
921 955 1005 1007 qnam
1029 938 1104 1007 quod
1123 937 1240 1005 attinet,
1258 957 1301 994 res
1320 942 1365 994 est

186 1028 332 1083 notissima
350 1028 477 1083 homines
497 1047 515 1084 a
533 1028 641 1084 Venere
665 1045 778 1083 auersos
804 1029 833 1083 et
851 1026 1017 1098 uirginitate
1040 1029 1181 1082 tumentes
1206 1026 1364 1098 comparari

186 1117 275 1172 solere
293 1135 310 1171 a
328 1117 420 1187 poetis
444 1121 473 1172 et
491 1117 605 1173 Graecis
630 1121 659 1172 et
676 1117 809 1172 Romanis
829 1135 891 1171 cum
915 1116 1034 1171 iuuenco
1058 1115 1211 1171 iuuencaue
1230 1119 1280 1171 aut
1298 1132 1362 1171 cum

186 1223 258 1273 equo
273 1222 381 1275 equaue
397 1206 427 1261 in
442 1218 542 1275 campo
560 1205 648 1261 libere
668 1205 831 1260 lasciuienle
851 1206 1002 1276 iugumque
1017 1208 1067 1260 aut
1081 1206 1160 1260 frena
1173 1205 1362 1273 detrectante;

186 1293 369 1364 eosdemque,
393 1295 441 1349 nbi
466 1296 555 1351 amori
579 1296 638 1351 siue
661 1295 791 1366 legitimo
816 1296 875 1349 siue
899 1295 1004 1350 lurtiuo
1024 1295 1172 1362 cesserint,
1191 1295 1243 1350 sub
1265 1295 1362 1365 iugum

186 1382 225 1436 ire
245 1385 296 1437 aut
313 1384 438 1438 habenas
457 1385 584 1455 accipere
604 1384 724 1439 domitos
743 1383 813 1451 dici3
838 1385 925 1451 unde,
949 1403 1012 1438 cum
1037 1384 1093 1438 iam
1113 1383 1173 1454 pari
1196 1400 1276 1438 cursu
1296 1385 1364 1439 eant

186 1470 230 1524 uir
252 1472 416 1540 puellaque,
441 1473 515 1543 apud
535 1474 655 1529 Graecos
679 1470 810 1542 σύζυγες,
835 1473 1000 1542 coniuges
1025 1472 1100 1543 apud
1119 1471 1234 1526 Latinos
1257 1473 1361 1528 uocari.

186 1560 319 1615 inlustrat
339 1561 492 1632 imaginem
517 1580 579 1617 cum
599 1561 682 1632 Prop.
703 1561 729 1614 ll
747 1569 776 1630 9,
795 1568 829 1616 47
849 1580 882 1618 oc
899 1563 987 1617 aelati
1004 1563 1093 1631 primo
1112 1567 1210 1615 laurae
1227 1562 1364 1618 detrectet

186 1653 296 1716 aratro,
312 1656 376 1719 poet
394 1652 471 1706 uenit
490 1652 602 1706 adsueto
619 1652 708 1706 mollis
727 1653 765 1706 od
783 1669 855 1706 arao
873 1653 953 1719 iugo,
976 1653 1016 1706 sic
1036 1651 1129 1720 primo
1148 1653 1261 1706 iuuenes
1279 1654 1361 1722 trepi-

186 1739 254 1792 darit
281 1739 311 1792 in
335 1756 425 1794 amore
447 1742 560 1808 seroces,
585 1741 682 1796 detine
699 1742 796 1795 domiti
816 1747 879 1810 poet
902 1742 967 1795 lroec
990 1757 1077 1809 ecquo
1096 1745 1120 1794 et
1143 1741 1241 1809 irrigua
1259 1740 1363 1807 serant,
1442 1770 1450 1785 ·

186 1829 245 1880 tum
272 1826 352 1884 Ouid.
376 1828 457 1897 epist.
477 1833 507 1895 4,
528 1834 559 1881 21
587 1830 688 1884 ecrlicct
712 1835 744 1884 ut
767 1834 871 1884 teneros
894 1829 1007 1883 laederet
1029 1830 1097 1898 iugo
1117 1829 1210 1897 prima
1232 1829 1364 1884 iuuencos

185 1919 318 1986 srcrreqae
335 1919 387 1972 uix
406 1920 518 1986 potitur
541 1919 574 1973 dc
596 1937 675 1989 grege
699 1924 796 1989 ceptris
819 1935 915 1989 equus,
938 1920 979 1973 er'c
1001 1919 1071 1973 mele
1093 1919 1195 1987 uirque
1212 1919 1287 1974 cubit
1302 1920 1363 1987 pri·

185 2023 241 2061 mos
259 2007 327 2061 rade
343 2013 437 2076 pectus
461 2024 572 2062 errores.
610 2008 697 2078 igitur
720 2006 847 2078 quisquis
866 2024 996 2062 uenerem
1020 2009 1086 2062 ante
1110 2005 1286 2077 repudiatam
1305 2007 1362 2062 iam

184 2111 240 2149 non
263 2097 386 2164 recusat,
411 2112 459 2150 sen
484 2112 544 2150 mes
568 2100 612 2150 est
636 2114 684 2151 seu
707 2096 829 2164 femina,
854 2095 878 2150 is
901 2094 1024 2152 ceruices
1046 2095 1112 2166 iugo
1136 2094 1313 2164 submittere,
1337 2094 1362 2151 ie

185 2183 281 2254 iugum
306 2184 377 2238 ferre
401 2184 516 2239 dicitur:
541 2171 633 2238 Plaut.
652 2182 729 2239 Ourc.
753 2185 763 2237 l
789 2192 817 2251 1,
837 2190 871 2239 50
895 2186 986 2238 iomar
1008 2201 1041 2239 ce
1063 2185 1117 2251 sert
1142 2184 1271 2253 iugum&
1295 2185 1361 2240 Her.

187 2288 271 2325 carm.
291 2272 315 2324 ll
336 2279 361 2341 ὁ,
384 2278 397 2325 1
417 2274 539 2327 nondum
558 2274 673 2328 salceta
691 2275 763 2340 serre
781 2274 877 2343 tapam
895 2274 969 2327 καὶεί
988 2275 1106 2339 ceruice,
1124 2274 1246 2328 aondrrm
1265 2276 1362 2330 nanta

185 2362 322 2430 comparis
345 2378 462 2431 aequore
484 2378 534 2416 nec
557 2363 634 2417 lcarr'
657 2364 763 2417 ruentia
788 2365 819 2416 in
844 2379 968 2417 umorem
991 2362 1106 2417 tolerare
1126 2363 1245 2431 pondus.
1287 2365 1363 2419 circe

186 2451 306 2505 circatae
324 2457 362 2505 eet
380 2452 492 2505 animus
509 2456 573 2506 tuac
592 2468 701 2521 compos
719 2453 851 2506 iarrencoc
870 2469 942 2521 eqs.;
962 2451 1042 2507 Ouid.
1059 2450 1142 2521 epist.
1163 2457 1188 2520 θ,
1207 2458 1241 2507 et
1260 2454 1363 2510 scilicet

185 2545 217 2593 at
240 2545 334 2594 terroe
356 2541 397 2594 ita
420 2545 445 2594 tc
463 2540 584 2610 (lasona)
608 2543 675 2610 iupa
697 2543 769 2609 serre
794 2543 878 2611 coegit
896 2541 1026 2609 (Medea).
1064 2539 1249 2610 similiterque
1267 2540 1363 2599 Tib.1

185 2631 377 2697 4,16(peer)
400 2630 537 2696 paulatim
561 2631 611 2684 oud
634 2631 703 2699 iugo
725 2631 795 2685 colla
819 2630 909 2696 dabit,
935 2628 1015 2685 Ouid.
1040 2647 1105 2685 rem.
1131 2647 1185 2684 am.
1206 2635 1240 2684 90
1263 2637 1288 2685 et
1310 2637 1361 2686 trra

185 2718 293 2771 laesuro
311 2718 439 2771 subtrahe
457 2718 528 2772 colle
551 2720 623 2788 iugo.
660 2719 825 2788 plerumque
849 2721 943 2772 eutem
967 2719 1110 2789 imponere
1129 2718 1227 2788 iugum
1246 2719 1293 2775 dia
1311 2721 1361 2776 lin·

187 2804 264 2875 gitur
283 2806 393 2860 Venus:
413 2806 478 2862 Hor.
498 2806 542 2862 od.
562 2807 636 2875 133,
657 2807 756 2875 11,111
776 2814 801 2874 9,
823 2813 867 2874 18,
888 2807 950 2862 Seu.
966 2807 1094 2862 Phaedre
1107 2814 1159 2864 eet
1178 2810 1243 2863 illoc
1260 2811 1362 2877 seroces

184 2896 307 2949 sentiunt
332 2895 442 2949 Verteris
461 2897 569 2964 iugum,
589 2895 686 2951 Claud.
706 2898 768 2950 laus
787 2896 907 2952 Serenae
929 2902 978 2951 120
1003 2914 1122 2966 quoram
1141 2898 1283 2969 Cythereia
1301 2917 1361 2954 arc·

184 2986 250 3039 dum
268 2986 318 3038 eut
338 2987 404 3053 iupa
423 2989 541 3040 ceruicar
559 2989 656 3041 niueos
671 2987 847 3055 Hymenaeus
859 2987 958 3056 adegit.
988 2985 1117 3055 legitime
1131 2989 1226 3041 autem
1241 2989 1362 3045 conubio

184 3071 287 3128 iunctis
311 3090 439 3142 praeesse
465 3075 598 3129 lunonem
627 3076 724 3143 lugam
750 3079 847 3131 notum
871 3080 922 3132 est.
958 3075 995 3130 ad
1014 3072 1142 3130 homines
1168 3078 1295 3132 subactio
1318 3096 1361 3132 re-

185 3160 272 3215 fertur
290 3162 385 3215 autin
406 3163 552 3218 simillima
570 3163 706 3233 imagine,
731 3183 787 3232 qua
806 3168 933 3219 amantes
953 3181 1024 3233 equo
1044 3182 1168 3233 aquaeue
1191 3165 1270 3221 frena
1289 3168 1361 3223 acci·

185 3249 274 3320 pienti
298 3251 477 3305 conferuntur
503 3253 548 3320 (cf.
573 3269 615 3307 ex.
635 3271 675 3323 gr.
701 3253 771 3308 Stet.
796 3253 857 3308 silu.
885 3253 921 3306 lll
945 3259 975 3321 o,
999 3260 1033 3309 26
1058 3260 1116 3308 tao
1139 3255 1257 3326 [uxoris]
1280 3257 1362 3322 freno

184 3341 270 3394 liberie
293 3341 443 3410 docilesque
465 3343 555 3410 recepi
577 3347 601 3395 et
625 3344 703 3397 smel
727 3344 843 3398 incertos
868 3361 924 3397 noa
946 3349 1104 3399 mutaturus
1131 3345 1251 3398 habenae
1278 3363 1362 3415 usque

183 3429 262 3495 fere),
282 3434 331 3482 eut
349 3427 373 3482 ei
392 3428 445 3483 uiri
471 3430 629 3486 lemineeue
650 3431 745 3486 ueneni
764 3433 946 3499 reluctantes,
971 3432 1206 3502 quemadmodum
1226 3434 1362 3490 animalia

185 3518 244 3587 iugi
268 3517 457 3593 impatientia,
482 3520 526 3574 uel
552 3520 581 3573 ui
605 3521 650 3574 uel
676 3521 764 3575 multo
789 3526 864 3576 certe
888 3539 951 3576 cum
976 3521 1072 3577 labore
1096 3520 1196 3576 domiti
1221 3522 1361 3592 dicuntur,

184 3608 257 3661 unde
281 3608 355 3676 apud
375 3606 461 3662 Lucil.
483 3609 558 3662 xxx
578 3615 610 3662 61
631 3613 661 3664 et
684 3617 717 3665 52
738 3611 797 3664 ΒΜ.
817 3610 936 3679 cupidus
955 3612 1065 3665 amator
1092 3612 1128 3664 ad
1147 3611 1269 3680 puellam
1289 3612 1360 3668 fero-

184 3713 244 3751 cem
265 3698 317 3752 hoc
336 3697 452 3751 clamat:
478 3701 511 3751 a!
536 3715 583 3769 eqo
602 3705 626 3753 te
645 3716 763 3754 acerram
782 3705 863 3769 atque
881 3700 1034 3754 animosam
1056 3700 1212 3755 l'lrceaolom
1231 3707 1262 3756 ut
1281 3704 1360 3757 indo·

186 3788 281 3839 mitom
299 3787 387 3851 frenis
404 3788 529 3857 subigam
547 3794 611 3842 ente
630 3789 798 3856 domemqrre!
835 3788 880 3842 cui
899 3788 979 3858 uirgo
998 3805 1067 3844 noce
1088 3792 1262 3860 contempta:
1281 3797 1361 3846 turre

184 3875 248 3942 iugo
267 3875 369 3943 iunges
386 3893 426 3930 me
444 3883 508 3944 apte
530 3883 555 3932 ct
577 3879 717 3933 succedere
735 3884 830 3932 aratro
849 3879 967 3932 inuitem
991 3885 1016 3932 et
1038 3879 1148 3948 glaebae
1167 3881 1280 3948 redigar
1296 3898 1360 3949 pro·

182 3965 304 4017 ecinmre
321 3965 415 4030 ferro?
451 3982 506 4033 quo
530 3965 559 4020 in
582 3966 696 4036 dialogo
719 3984 805 4034 equos
831 3966 959 4022 frenandi
983 3970 1012 4022 et
1035 3968 1131 4036 iugum
1157 3966 1284 4022 iuuencis
1308 3969 1359 4022 im-

184 4052 304 4120 ponendi
323 4053 461 4121 imagines
480 4053 606 4109 suauiter
621 4056 851 4122 commiscentur,
871 4058 903 4109 ut
921 4054 1007 4110 etiam
1027 4055 1056 4108 in
1071 4052 1128 4107 illis
1144 4056 1245 4109 incerti
1260 4059 1359 4125 poetae

184 4141 286 4208 tragici
304 4144 365 4208 (125
382 4160 421 4212 sq.
439 4141 530 4210 ltibb.)
549 4144 690 4198 uersibus:
710 4161 800 4210 errae,
819 4161 908 4199 errae:
927 4162 992 4199 nom
1010 4144 1175 4198 exuram
1194 4149 1219 4196 te
1237 4149 1262 4197 rt
1278 4162 1358 4213 prae·

183 4230 308 4294 fidentem
326 4231 378 4283 riti
397 4233 542 4300 repriment
561 4234 673 4287 ualidae
694 4233 780 4302 legam
798 4233 918 4287 helenae
931 4239 1010 4301 otqroe
1029 4231 1126 4298 imperi
1146 4231 1272 4286 insistent
1291 4235 1360 4303 iupa

183 4317 286 4386 (‘iugo'
307 4319 407 4385 codd).
437 4320 502 4374 hinc
522 4321 607 4375 etiam
626 4322 700 4391 apud
720 4321 800 4376 Ouid.
821 4320 901 4389 epist.
920 4326 946 4389 9,
965 4327 981 4375 6
1001 4318 1113 4374 Herculi
1132 4320 1226 4387 (quem
1246 4320 1358 4376 uincere

184 4420 251 4459 eane
269 4423 402 4475 magnum
422 4411 492 4478 erat)
516 4410 574 4465 Iole
593 4411 737 4481 imponere
760 4411 857 4480 iugum
880 4409 966 4464 audit.
1002 4407 1120 4477 apparet·
1144 4409 1252 4476 autem,
1272 4411 1304 4464 ut
1321 4410 1358 4465 ad
