<?xml version="1.0" encoding="UTF-8"?>
<!DOCTYPE html PUBLIC "-//W3C//DTD XHTML 1.0 Transitional//EN"
    "http://www.w3.org/TR/xhtml1/DTD/xhtml1-transitional.dtd">
<html xmlns="http://www.w3.org/1999/xhtml" xml:lang="en" lang="en">
 <head>
  <title>
</title>
<meta http-equiv="Content-Type" content="text/html;charset=utf-8" />
  <meta name='ocr-system' content='tesseract 3.04.00' />
  <meta name='ocr-capabilities' content='ocr_page ocr_carea ocr_par ocr_line ocrx_word'/>
</head>
<body>
  <div class='ocr_page' id='page_1' title='image "./catulliveronens00baehgoog_0065.png"; bbox 0 0 2940 4912; ppageno 0'>
   <div class='ocr_carea' id='block_1_1' title="bbox 154 303 881 366">
    <p class='ocr_par' dir='ltr' id='par_1_1' title="bbox 154 303 881 366">
     <span class='ocr_line' id='line_1_1' title="bbox 154 303 881 366; baseline 0.004 -11"><span class='ocrx_word' id='word_1_1' title='bbox 154 303 198 366; x_wconf 86' lang='grc'><strong>42</strong></span> <span class='ocrx_word' id='word_1_2' title='bbox 599 303 881 359; x_wconf 78' lang='lat' dir='ltr'><strong>PROLEGOMENA.</strong></span> 
     </span>
    </p>
   </div>
   <div class='ocr_carea' id='block_1_2' title="bbox 144 472 1331 3891">
    <p class='ocr_par' dir='ltr' id='par_1_2' title="bbox 146 472 1331 3395">
     <span class='ocr_line' id='line_1_2' title="bbox 155 472 1331 551; baseline 0.003 -18"><span class='ocrx_word' id='word_1_3' title='bbox 155 472 241 533; x_wconf 89' lang='lat' dir='ltr'><strong>candi</strong></span> <span class='ocrx_word' id='word_1_4' title='bbox 265 491 352 532; x_wconf 93' lang='lat' dir='ltr'><strong>omne</strong></span> <span class='ocrx_word' id='word_1_5' title='bbox 375 472 540 550; x_wconf 91' lang='lat' dir='ltr'><strong>inlepidum</strong></span> <span class='ocrx_word' id='word_1_6' title='bbox 563 473 767 550; x_wconf 75' lang='lat' dir='ltr'>rusticumque</span> <span class='ocrx_word' id='word_1_7' title='bbox 789 493 928 550; x_wconf 85' lang='lat' dir='ltr'><strong>perosam</strong></span> <span class='ocrx_word' id='word_1_8' title='bbox 957 477 988 535; x_wconf 93' lang='lat' dir='ltr'><strong>et</strong></span> <span class='ocrx_word' id='word_1_9' title='bbox 1011 474 1142 551; x_wconf 90' lang='lat' dir='ltr'><strong>leporem</strong></span> <span class='ocrx_word' id='word_1_10' title='bbox 1164 478 1331 536; x_wconf 86' lang='lat' dir='ltr'><strong>uenustum</strong></span> 
     </span>
     <span class='ocr_line' id='line_1_3' title="bbox 155 571 1330 634; baseline 0.003 -3"><span class='ocrx_word' id='word_1_11' title='bbox 155 573 281 631; x_wconf 85' lang='lat' dir='ltr'><strong>hilarem</strong></span> <span class='ocrx_word' id='word_1_12' title='bbox 304 572 437 631; x_wconf 91' lang='lat' dir='ltr'><strong>iocosum</strong></span> <span class='ocrx_word' id='word_1_13' title='bbox 460 575 492 631; x_wconf 86' lang='lat' dir='ltr'><strong>et</strong></span> <span class='ocrx_word' id='word_1_14' title='bbox 514 572 702 632; x_wconf 75' lang='lat' dir='ltr'><strong>dicacitatem</strong></span> <span class='ocrx_word' id='word_1_15' title='bbox 725 571 872 631; x_wconf 87' lang='lat' dir='ltr'><strong>urbanam</strong></span> <span class='ocrx_word' id='word_1_16' title='bbox 890 573 1001 632; x_wconf 86' lang='lat' dir='ltr'><strong>selsam</strong></span> <span class='ocrx_word' id='word_1_17' title='bbox 1024 575 1144 633; x_wconf 88' lang='lat' dir='ltr'><strong>acutam</strong></span> <span class='ocrx_word' id='word_1_18' title='bbox 1166 577 1197 633; x_wconf 86' lang='lat' dir='ltr'><strong>et</strong></span> <span class='ocrx_word' id='word_1_19' title='bbox 1220 578 1330 634; x_wconf 88' lang='lat' dir='ltr'><strong>metro-</strong></span> 
     </span>
     <span class='ocr_line' id='line_1_4' title="bbox 152 669 1329 748; baseline 0.003 -19"><span class='ocrx_word' id='word_1_20' title='bbox 152 690 221 729; x_wconf 85' lang='lat' dir='ltr'><strong>rum</strong></span> <span class='ocrx_word' id='word_1_21' title='bbox 244 673 340 728; x_wconf 86' lang='lat' dir='ltr'><strong>artem</strong></span> <span class='ocrx_word' id='word_1_22' title='bbox 363 670 527 746; x_wconf 76' lang='lat' dir='ltr'><strong>perfectam</strong></span> <span class='ocrx_word' id='word_1_23' title='bbox 551 674 582 730; x_wconf 91' lang='lat' dir='ltr'><strong>et</strong></span> <span class='ocrx_word' id='word_1_24' title='bbox 599 669 760 729; x_wconf 88' lang='lat' dir='ltr'><strong>uerborum</strong></span> <span class='ocrx_word' id='word_1_25' title='bbox 784 669 1001 730; x_wconf 86' lang='lat' dir='ltr'><strong>iucunditatem</strong></span> <span class='ocrx_word' id='word_1_26' title='bbox 1024 689 1104 745; x_wconf 88' lang='lat' dir='ltr'><strong>eam,</strong></span> <span class='ocrx_word' id='word_1_27' title='bbox 1122 690 1200 748; x_wconf 89' lang='lat' dir='ltr'><strong>quae</strong></span> <span class='ocrx_word' id='word_1_28' title='bbox 1222 690 1329 733; x_wconf 88' lang='lat' dir='ltr'><strong>carens</strong></span> 
     </span>
     <span class='ocr_line' id='line_1_5' title="bbox 153 761 1331 848; baseline 0.001 -20"><span class='ocrx_word' id='word_1_29' title='bbox 153 771 261 828; x_wconf 89' lang='lat' dir='ltr'><strong>ornatu</strong></span> <span class='ocrx_word' id='word_1_30' title='bbox 280 769 416 845; x_wconf 86' lang='lat' dir='ltr'><strong>quaesito</strong></span> <span class='ocrx_word' id='word_1_31' title='bbox 435 761 504 848; x_wconf 84' lang='lat' dir='ltr'><strong>(nec</strong></span> <span class='ocrx_word' id='word_1_32' title='bbox 517 770 619 827; x_wconf 88' lang='lat' dir='ltr'><strong>tamen</strong></span> <span class='ocrx_word' id='word_1_33' title='bbox 634 787 703 826; x_wconf 90' lang='lat' dir='ltr'><strong>eum</strong></span> <span class='ocrx_word' id='word_1_34' title='bbox 716 768 875 828; x_wconf 84' lang='lat' dir='ltr'><strong>fortuitum</strong></span> <span class='ocrx_word' id='word_1_35' title='bbox 894 771 925 828; x_wconf 92' lang='lat' dir='ltr'><strong>et</strong></span> <span class='ocrx_word' id='word_1_36' title='bbox 945 789 963 828; x_wconf 91' lang='lat' dir='ltr'><strong>a</strong></span> <span class='ocrx_word' id='word_1_37' title='bbox 980 771 1110 830; x_wconf 87' lang='lat' dir='ltr'><strong>materia</strong></span> <span class='ocrx_word' id='word_1_38' title='bbox 1122 771 1202 831; x_wconf 87' lang='lat' dir='ltr'><strong>ultro</strong></span> <span class='ocrx_word' id='word_1_39' title='bbox 1222 790 1331 847; x_wconf 84' lang='lat' dir='ltr'><strong>suppe-</strong></span> 
     </span>
     <span class='ocr_line' id='line_1_6' title="bbox 153 859 1328 946; baseline 0.004 -22"><span class='ocrx_word' id='word_1_40' title='bbox 153 866 281 926; x_wconf 80' lang='lat' dir='ltr'><strong>ditatum</strong></span> <span class='ocrx_word' id='word_1_41' title='bbox 301 859 460 946; x_wconf 88' lang='lat' dir='ltr'><strong>spernens)</strong></span> <span class='ocrx_word' id='word_1_42' title='bbox 479 867 544 940; x_wconf 86' lang='lat' dir='ltr'><strong>ipsa</strong></span> <span class='ocrx_word' id='word_1_43' title='bbox 563 884 618 924; x_wconf 89' lang='lat' dir='ltr'><strong>sua</strong></span> <span class='ocrx_word' id='word_1_44' title='bbox 636 866 741 924; x_wconf 84' lang='lat' dir='ltr'><strong>natiue</strong></span> <span class='ocrx_word' id='word_1_45' title='bbox 759 865 953 943; x_wconf 76' lang='lat' dir='ltr'><strong>simplicitate</strong></span> <span class='ocrx_word' id='word_1_46' title='bbox 972 867 1086 929; x_wconf 88' lang='lat' dir='ltr'><strong>animos</strong></span> <span class='ocrx_word' id='word_1_47' title='bbox 1101 871 1328 930; x_wconf 84' lang='lat' dir='ltr'><strong>nostrostenet</strong></span> 
     </span>
     <span class='ocr_line' id='line_1_7' title="bbox 152 964 1328 1041; baseline 0.002 -17"><span class='ocrx_word' id='word_1_48' title='bbox 152 967 183 1024; x_wconf 86' lang='lat' dir='ltr'><strong>et</strong></span> <span class='ocrx_word' id='word_1_49' title='bbox 205 965 237 1024; x_wconf 91' lang='lat' dir='ltr'><strong>in</strong></span> <span class='ocrx_word' id='word_1_50' title='bbox 260 965 316 1024; x_wconf 87' lang='lat' dir='ltr'><strong>hac</strong></span> <span class='ocrx_word' id='word_1_51' title='bbox 345 983 462 1041; x_wconf 90' lang='lat' dir='ltr'><strong>quoque</strong></span> <span class='ocrx_word' id='word_1_52' title='bbox 489 983 523 1023; x_wconf 89' lang='lat' dir='ltr'><strong>re</strong></span> <span class='ocrx_word' id='word_1_53' title='bbox 551 964 671 1023; x_wconf 92' lang='lat' dir='ltr'><strong>unicum</strong></span> <span class='ocrx_word' id='word_1_54' title='bbox 698 964 755 1023; x_wconf 87' lang='lat' dir='ltr'><strong>hoo</strong></span> <span class='ocrx_word' id='word_1_55' title='bbox 781 964 935 1041; x_wconf 81' lang='lat' dir='ltr'><strong>ingenium</strong></span> <span class='ocrx_word' id='word_1_56' title='bbox 963 984 1048 1025; x_wconf 90' lang='lat' dir='ltr'><strong>suam</strong></span> <span class='ocrx_word' id='word_1_57' title='bbox 1075 966 1122 1026; x_wconf 90' lang='lat' dir='ltr'><strong>his</strong></span> <span class='ocrx_word' id='word_1_58' title='bbox 1146 966 1328 1027; x_wconf 75' lang='lat' dir='ltr'><strong>carminibus</strong></span> 
     </span>
     <span class='ocr_line' id='line_1_8' title="bbox 151 1062 1329 1140; baseline 0.004 -20"><span class='ocrx_word' id='word_1_59' title='bbox 151 1062 295 1138; x_wconf 85' lang='lat' dir='ltr'><strong>inpressit</strong></span> <span class='ocrx_word' id='word_1_60' title='bbox 316 1065 433 1137; x_wconf 82' lang='lat' dir='ltr'><strong>notam,</strong></span> <span class='ocrx_word' id='word_1_61' title='bbox 455 1062 534 1138; x_wconf 92' lang='lat' dir='ltr'><strong>quod</strong></span> <span class='ocrx_word' id='word_1_62' title='bbox 552 1081 670 1138; x_wconf 88' lang='lat' dir='ltr'><strong>semper</strong></span> <span class='ocrx_word' id='word_1_63' title='bbox 688 1063 807 1121; x_wconf 86' lang='lat' dir='ltr'><strong>uarium</strong></span> <span class='ocrx_word' id='word_1_64' title='bbox 827 1081 1003 1140; x_wconf 88' lang='lat' dir='ltr'><strong>semperque</strong></span> <span class='ocrx_word' id='word_1_65' title='bbox 1023 1064 1079 1123; x_wconf 86' lang='lat' dir='ltr'><strong>soli</strong></span> <span class='ocrx_word' id='word_1_66' title='bbox 1096 1065 1241 1124; x_wconf 86' lang='lat' dir='ltr'><strong>materiae</strong></span> <span class='ocrx_word' id='word_1_67' title='bbox 1259 1084 1329 1125; x_wconf 90' lang='lat' dir='ltr'><strong>cnm</strong></span> 
     </span>
     <span class='ocr_line' id='line_1_9' title="bbox 151 1160 1327 1241; baseline 0.004 -23"><span class='ocrx_word' id='word_1_68' title='bbox 151 1161 279 1220; x_wconf 85' lang='lat' dir='ltr'><strong>maxime</strong></span> <span class='ocrx_word' id='word_1_69' title='bbox 293 1160 468 1220; x_wconf 89' lang='lat' dir='ltr'><strong>tractandae</strong></span> <span class='ocrx_word' id='word_1_70' title='bbox 482 1164 586 1238; x_wconf 90' lang='lat' dir='ltr'><strong>aptum</strong></span> <span class='ocrx_word' id='word_1_71' title='bbox 605 1178 833 1237; x_wconf 83' lang='lat' dir='ltr'><strong>congruensque</strong></span> <span class='ocrx_word' id='word_1_72' title='bbox 852 1163 907 1236; x_wconf 83' lang='lat' dir='ltr'><strong>eet,</strong></span> <span class='ocrx_word' id='word_1_73' title='bbox 922 1162 996 1222; x_wconf 89' lang='lat' dir='ltr'><strong>duce</strong></span> <span class='ocrx_word' id='word_1_74' title='bbox 1013 1165 1123 1222; x_wconf 88' lang='lat' dir='ltr'><strong>natura</strong></span> <span class='ocrx_word' id='word_1_75' title='bbox 1141 1163 1219 1222; x_wconf 88' lang='lat' dir='ltr'><strong>sicut</strong></span> <span class='ocrx_word' id='word_1_76' title='bbox 1236 1181 1327 1241; x_wconf 83' lang='lat' dir='ltr'><strong>argu·</strong></span> 
     </span>
     <span class='ocr_line' id='line_1_10' title="bbox 153 1259 1328 1337; baseline 0.005 -21"><span class='ocrx_word' id='word_1_77' title='bbox 153 1262 285 1318; x_wconf 88' lang='lat' dir='ltr'><strong>mentum</strong></span> <span class='ocrx_word' id='word_1_78' title='bbox 312 1260 409 1336; x_wconf 89' lang='lat' dir='ltr'><strong>poscit</strong></span> <span class='ocrx_word' id='word_1_79' title='bbox 436 1259 568 1318; x_wconf 86' lang='lat' dir='ltr'><strong>sentiens</strong></span> <span class='ocrx_word' id='word_1_80' title='bbox 595 1259 780 1336; x_wconf 83' lang='lat' dir='ltr'><strong>loquensque</strong></span> <span class='ocrx_word' id='word_1_81' title='bbox 812 1261 844 1319; x_wconf 91' lang='lat' dir='ltr'><strong>et</strong></span> <span class='ocrx_word' id='word_1_82' title='bbox 870 1259 901 1317; x_wconf 94' lang='lat' dir='ltr'><strong>id</strong></span> <span class='ocrx_word' id='word_1_83' title='bbox 929 1259 1008 1336; x_wconf 91' lang='lat' dir='ltr'><strong>quod</strong></span> <span class='ocrx_word' id='word_1_84' title='bbox 1043 1261 1109 1337; x_wconf 87' lang='lat' dir='ltr'><strong>agit</strong></span> <span class='ocrx_word' id='word_1_85' title='bbox 1135 1264 1199 1321; x_wconf 92' lang='lat' dir='ltr'><strong>toto</strong></span> <span class='ocrx_word' id='word_1_86' title='bbox 1226 1261 1328 1322; x_wconf 90' lang='lat' dir='ltr'><strong>animo</strong></span> 
     </span>
     <span class='ocr_line' id='line_1_11' title="bbox 151 1356 1328 1435; baseline 0.003 -19"><span class='ocrx_word' id='word_1_87' title='bbox 151 1360 275 1433; x_wconf 90' lang='lat' dir='ltr'><strong>totoque</strong></span> <span class='ocrx_word' id='word_1_88' title='bbox 298 1362 418 1435; x_wconf 89' lang='lat' dir='ltr'><strong>pectore</strong></span> <span class='ocrx_word' id='word_1_89' title='bbox 441 1376 544 1435; x_wconf 89' lang='lat' dir='ltr'><strong>agens.</strong></span> <span class='ocrx_word' id='word_1_90' title='bbox 590 1356 643 1417; x_wconf 88' lang='lat' dir='ltr'><strong>sed</strong></span> <span class='ocrx_word' id='word_1_91' title='bbox 670 1375 709 1416; x_wconf 89' lang='lat' dir='ltr'><strong>ne</strong></span> <span class='ocrx_word' id='word_1_92' title='bbox 733 1376 835 1417; x_wconf 86' lang='lat' dir='ltr'><strong>amore</strong></span> <span class='ocrx_word' id='word_1_93' title='bbox 858 1361 965 1433; x_wconf 82' lang='lat' dir='ltr'><strong>poetae</strong></span> <span class='ocrx_word' id='word_1_94' title='bbox 988 1358 1048 1417; x_wconf 90' lang='lat' dir='ltr'><strong>mei</strong></span> <span class='ocrx_word' id='word_1_95' title='bbox 1070 1359 1211 1419; x_wconf 86' lang='lat' dir='ltr'><strong>disertior</strong></span> <span class='ocrx_word' id='word_1_96' title='bbox 1232 1359 1328 1421; x_wconf 86' lang='lat' dir='ltr'><strong>fnisse</strong></span> 
     </span>
     <span class='ocr_line' id='line_1_12' title="bbox 151 1454 1328 1534; baseline 0.003 -21"><span class='ocrx_word' id='word_1_97' title='bbox 151 1454 263 1530; x_wconf 90' lang='lat' dir='ltr'><strong>uidear,</strong></span> <span class='ocrx_word' id='word_1_98' title='bbox 277 1456 361 1515; x_wconf 89' lang='lat' dir='ltr'><strong>lubet</strong></span> <span class='ocrx_word' id='word_1_99' title='bbox 379 1457 528 1532; x_wconf 88' lang='lat' dir='ltr'><strong>adponere</strong></span> <span class='ocrx_word' id='word_1_100' title='bbox 546 1473 708 1531; x_wconf 88' lang='lat' dir='ltr'><strong>paucorum</strong></span> <span class='ocrx_word' id='word_1_101' title='bbox 727 1457 855 1515; x_wconf 90' lang='lat' dir='ltr'><strong>aliorum</strong></span> <span class='ocrx_word' id='word_1_102' title='bbox 873 1455 992 1518; x_wconf 87' lang='lat' dir='ltr'><strong>iudicia.</strong></span> <span class='ocrx_word' id='word_1_103' title='bbox 1022 1456 1181 1516; x_wconf 88' lang='lat' dir='ltr'><strong>Niebuhrii</strong></span> <span class='ocrx_word' id='word_1_104' title='bbox 1195 1458 1225 1516; x_wconf 93' lang='lat' dir='ltr'><strong>in</strong></span> <span class='ocrx_word' id='word_1_105' title='bbox 1238 1476 1328 1534; x_wconf 85' lang='lat' dir='ltr'><strong>prae·</strong></span> 
     </span>
     <span class='ocr_line' id='line_1_13' title="bbox 149 1551 1328 1633; baseline 0.003 -20"><span class='ocrx_word' id='word_1_106' title='bbox 149 1553 328 1614; x_wconf 88' lang='lat' dir='ltr'><strong>lectionibus</strong></span> <span class='ocrx_word' id='word_1_107' title='bbox 352 1556 388 1613; x_wconf 92' lang='lat' dir='ltr'><strong>de</strong></span> <span class='ocrx_word' id='word_1_108' title='bbox 412 1555 538 1614; x_wconf 88' lang='lat' dir='ltr'><strong>historia</strong></span> <span class='ocrx_word' id='word_1_109' title='bbox 557 1555 691 1614; x_wconf 86' lang='lat' dir='ltr'><strong>Romana</strong></span> <span class='ocrx_word' id='word_1_110' title='bbox 715 1551 827 1630; x_wconf 86' lang='lat' dir='ltr'><strong>[Berol.</strong></span> <span class='ocrx_word' id='word_1_111' title='bbox 848 1555 933 1614; x_wconf 84' lang='grc'>1846</span> <span class='ocrx_word' id='word_1_112' title='bbox 949 1573 1023 1633; x_wconf 85' lang='lat' dir='ltr'><strong>sqq,</strong></span> <span class='ocrx_word' id='word_1_113' title='bbox 1045 1554 1091 1613; x_wconf 92' lang='lat' dir='ltr'><strong>III</strong></span> <span class='ocrx_word' id='word_1_114' title='bbox 1110 1576 1140 1631; x_wconf 90' lang='lat' dir='ltr'><strong>p.</strong></span> <span class='ocrx_word' id='word_1_115' title='bbox 1156 1553 1233 1632; x_wconf 75' lang='lat'>127]</span> <span class='ocrx_word' id='word_1_116' title='bbox 1253 1556 1328 1616; x_wconf 87' lang='lat' dir='ltr'><strong>baec</strong></span> 
     </span>
     <span class='ocr_line' id='line_1_14' title="bbox 152 1651 1328 1717; baseline 0.005 -8"><span class='ocrx_word' id='word_1_117' title='bbox 152 1655 224 1709; x_wconf 89' lang='lat' dir='ltr'><strong>eunt</strong></span> <span class='ocrx_word' id='word_1_118' title='bbox 247 1651 351 1711; x_wconf 88' lang='lat' dir='ltr'><strong>uerba:</strong></span> <span class='ocrx_word' id='word_1_119' title='bbox 378 1670 410 1711; x_wconf 85' lang='lat' dir='ltr'><strong>er</strong></span> <span class='ocrx_word' id='word_1_120' title='bbox 431 1653 514 1713; x_wconf 76' lang='lat' dir='ltr'><strong>sucht</strong></span> <span class='ocrx_word' id='word_1_121' title='bbox 534 1653 612 1711; x_wconf 75' lang='lat' dir='ltr'><strong>cicli</strong></span> <span class='ocrx_word' id='word_1_122' title='bbox 634 1653 680 1711; x_wconf 79' lang='lat' dir='ltr'><strong>dic</strong></span> <span class='ocrx_word' id='word_1_123' title='bbox 703 1652 816 1717; x_wconf 80' lang='lat' dir='ltr'><strong>Worte,</strong></span> <span class='ocrx_word' id='word_1_124' title='bbox 839 1653 917 1712; x_wconf 75' lang='lat' dir='ltr'><strong>nicht</strong></span> <span class='ocrx_word' id='word_1_125' title='bbox 935 1655 981 1712; x_wconf 80' lang='lat' dir='ltr'><strong>die</strong></span> <span class='ocrx_word' id='word_1_126' title='bbox 999 1652 1141 1713; x_wconf 75' lang='lat' dir='ltr'><strong>Fomcn:</strong></span> <span class='ocrx_word' id='word_1_127' title='bbox 1164 1655 1210 1714; x_wconf 82' lang='lat' dir='ltr'><strong>dic</strong></span> <span class='ocrx_word' id='word_1_128' title='bbox 1227 1653 1328 1715; x_wconf 77' lang='lat' dir='ltr'><strong>Poeu</strong></span> 
     </span>
     <span class='ocr_line' id='line_1_15' title="bbox 149 1731 1328 1824; baseline 0.004 -16"><span class='ocrx_word' id='word_1_129' title='bbox 149 1753 265 1808; x_wconf 84' lang='lat' dir='ltr'><strong>stroc&#39;ml</strong></span> <span class='ocrx_word' id='word_1_130' title='bbox 288 1731 344 1810; x_wconf 75' lang='lat' dir='ltr'><strong>eus</strong></span> <span class='ocrx_word' id='word_1_131' title='bbox 367 1752 426 1810; x_wconf 77' lang='lat' dir='ltr'><strong>itm</strong></span> <span class='ocrx_word' id='word_1_132' title='bbox 448 1752 567 1818; x_wconf 82' lang='lat' dir='ltr'><strong>lreruus,</strong></span> <span class='ocrx_word' id='word_1_133' title='bbox 591 1752 633 1809; x_wconf 86' lang='lat' dir='ltr'><strong>sic</strong></span> <span class='ocrx_word' id='word_1_134' title='bbox 655 1751 694 1809; x_wconf 81' lang='lat' dir='ltr'><strong>ist</strong></span> <span class='ocrx_word' id='word_1_135' title='bbox 714 1750 774 1808; x_wconf 72' lang='lat' dir='ltr'><strong>rbm</strong></span> <span class='ocrx_word' id='word_1_136' title='bbox 797 1750 918 1809; x_wconf 83' lang='lat' dir='ltr'><strong>dieselbc</strong></span> <span class='ocrx_word' id='word_1_137' title='bbox 939 1749 1081 1824; x_wconf 79' lang='lat' dir='ltr'><strong>Spracde,</strong></span> <span class='ocrx_word' id='word_1_138' title='bbox 1106 1752 1232 1812; x_wconf 67' lang='lat' dir='ltr'><strong>dmsdbe</strong></span> <span class='ocrx_word' id='word_1_139' title='bbox 1248 1749 1328 1813; x_wconf 78' lang='lat' dir='ltr'><strong>Aac·</strong></span> 
     </span>
     <span class='ocr_line' id='line_1_16' title="bbox 149 1848 1329 1923; baseline 0.004 -18"><span class='ocrx_word' id='word_1_140' title='bbox 149 1848 253 1915; x_wconf 75' lang='lat' dir='ltr'><strong>drucio,</strong></span> <span class='ocrx_word' id='word_1_141' title='bbox 281 1849 336 1907; x_wconf 80' lang='lat' dir='ltr'><strong>dcc</strong></span> <span class='ocrx_word' id='word_1_142' title='bbox 366 1850 420 1907; x_wconf 82' lang='lat' dir='ltr'><strong>das</strong></span> <span class='ocrx_word' id='word_1_143' title='bbox 447 1848 641 1922; x_wconf 76' lang='lat' dir='ltr'><strong>Beducrsuise</strong></span> <span class='ocrx_word' id='word_1_144' title='bbox 668 1849 879 1922; x_wconf 71' lang='lat' dir='ltr'><strong>lrmvorbrinpt,</strong></span> <span class='ocrx_word' id='word_1_145' title='bbox 906 1850 988 1923; x_wconf 80' lang='lat' dir='ltr'><strong>jedes</strong></span> <span class='ocrx_word' id='word_1_146' title='bbox 1019 1850 1104 1910; x_wconf 80' lang='lat' dir='ltr'><strong>Wort</strong></span> <span class='ocrx_word' id='word_1_147' title='bbox 1130 1851 1175 1908; x_wconf 80' lang='lat' dir='ltr'><strong>bct</strong></span> <span class='ocrx_word' id='word_1_148' title='bbox 1202 1849 1262 1908; x_wconf 64' lang='lat' dir='ltr'><strong>Ureu</strong></span> <span class='ocrx_word' id='word_1_149' title='bbox 1288 1852 1329 1910; x_wconf 73' lang='lat' dir='ltr'><strong>ot</strong></span> 
     </span>
     <span class='ocr_line' id='line_1_17' title="bbox 149 1943 1328 2021; baseline 0.005 -18"><span class='ocrx_word' id='word_1_150' title='bbox 149 1943 307 2004; x_wconf 79' lang='lat' dir='ltr'><strong>Ausdruct·</strong></span> <span class='ocrx_word' id='word_1_151' title='bbox 337 1948 386 2006; x_wconf 76' lang='lat' dir='ltr'><strong>des</strong></span> <span class='ocrx_word' id='word_1_152' title='bbox 417 1947 615 2005; x_wconf 68' lang='lat' dir='ltr'><strong>naluuliclzco</strong></span> <span class='ocrx_word' id='word_1_153' title='bbox 643 1945 788 2020; x_wconf 74' lang='lat' dir='ltr'><strong>Gcfuelrle.</strong></span> <span class='ocrx_word' id='word_1_154' title='bbox 833 1947 881 2005; x_wconf 82' lang='lat' dir='ltr'><strong>Er</strong></span> <span class='ocrx_word' id='word_1_155' title='bbox 912 1947 963 2005; x_wconf 70' lang='lat' dir='ltr'><strong>leot</strong></span> <span class='ocrx_word' id='word_1_156' title='bbox 992 1964 1069 2021; x_wconf 73' lang='lat' dir='ltr'><strong>ponc</strong></span> <span class='ocrx_word' id='word_1_157' title='bbox 1095 1949 1216 2007; x_wconf 66' lang='lat' dir='ltr'><strong>doesclbc</strong></span> <span class='ocrx_word' id='word_1_158' title='bbox 1249 1947 1328 2010; x_wconf 72' lang='lat' dir='ltr'><strong>Vere</strong></span> 
     </span>
     <span class='ocr_line' id='line_1_18' title="bbox 149 2043 1327 2141; baseline 0.005 -40"><span class='ocrx_word' id='word_1_159' title='bbox 149 2043 334 2103; x_wconf 76' lang='lat' dir='ltr'><strong>kornmmlrcil</strong></span> <span class='ocrx_word' id='word_1_160' title='bbox 356 2048 409 2104; x_wconf 82' lang='lat' dir='ltr'><strong>rcic</strong></span> <span class='ocrx_word' id='word_1_161' title='bbox 432 2046 478 2103; x_wconf 85' lang='lat' dir='ltr'><strong>dic</strong></span> <span class='ocrx_word' id='word_1_162' title='bbox 498 2044 690 2118; x_wconf 74' lang='lat' dir='ltr'><strong>priccbisrbcn</strong></span> <span class='ocrx_word' id='word_1_163' title='bbox 712 2045 855 2118; x_wconf 77' lang='lat' dir='ltr'><strong>lyriscbcn</strong></span> <span class='ocrx_word' id='word_1_164' title='bbox 870 2045 997 2141; x_wconf 63' lang='lat' dir='ltr'><strong>Plcide·</strong></span> <span class='ocrx_word' id='word_1_165' title='bbox 1020 2047 1064 2104; x_wconf 84' lang='lat' dir='ltr'><strong>bis</strong></span> <span class='ocrx_word' id='word_1_166' title='bbox 1087 2048 1146 2119; x_wconf 73' lang='lat' dir='ltr'><strong>aas</strong></span> <span class='ocrx_word' id='word_1_167' title='bbox 1162 2045 1327 2120; x_wconf 80' lang='lat' dir='ltr'><strong>Sopboklos,</strong></span> 
     </span>
     <span class='ocr_line' id='line_1_19' title="bbox 148 2141 1327 2223; baseline 0.003 -23"><span class='ocrx_word' id='word_1_168' title='bbox 148 2144 211 2202; x_wconf 81' lang='lat' dir='ltr'><strong>und</strong></span> <span class='ocrx_word' id='word_1_169' title='bbox 233 2160 264 2201; x_wconf 88' lang='lat' dir='ltr'><strong>cr</strong></span> <span class='ocrx_word' id='word_1_170' title='bbox 282 2143 353 2202; x_wconf 74' lang='lat' dir='ltr'><strong>siclt</strong></span> <span class='ocrx_word' id='word_1_171' title='bbox 371 2143 458 2202; x_wconf 77' lang='lat' dir='ltr'><strong>tbncu</strong></span> <span class='ocrx_word' id='word_1_172' title='bbox 474 2142 573 2217; x_wconf 75' lang='lat' dir='ltr'><strong>plciclr.</strong></span> <span class='ocrx_word' id='word_1_173' title='bbox 611 2145 641 2201; x_wconf 89' lang='lat' dir='ltr'><strong>et</strong></span> <span class='ocrx_word' id='word_1_174' title='bbox 661 2141 799 2202; x_wconf 89' lang='lat' dir='ltr'><strong>similiter</strong></span> <span class='ocrx_word' id='word_1_175' title='bbox 818 2142 992 2202; x_wconf 88' lang='lat' dir='ltr'><strong>historicum</strong></span> <span class='ocrx_word' id='word_1_176' title='bbox 1013 2143 1147 2219; x_wconf 77' lang='lat' dir='ltr'><strong>Anglum</strong></span> <span class='ocrx_word' id='word_1_177' title='bbox 1165 2143 1327 2223; x_wconf 77' lang='lat' dir='ltr'><strong>Macanlay</strong></span> 
     </span>
     <span class='ocr_line' id='line_1_20' title="bbox 149 2237 1327 2317; baseline 0.003 -17"><span class='ocrx_word' id='word_1_178' title='bbox 149 2239 230 2316; x_wconf 81' lang='lat' dir='ltr'><strong>[Life</strong></span> <span class='ocrx_word' id='word_1_179' title='bbox 254 2241 269 2300; x_wconf 95' lang='grc' dir='ltr'><strong>Ι</strong></span> <span class='ocrx_word' id='word_1_180' title='bbox 291 2261 319 2317; x_wconf 95' lang='lat' dir='ltr'><strong>p.</strong></span> <span class='ocrx_word' id='word_1_181' title='bbox 339 2237 418 2317; x_wconf 82' lang='lat'>468]</span> <span class='ocrx_word' id='word_1_182' title='bbox 448 2240 595 2300; x_wconf 88' lang='lat' dir='ltr'><strong>iudicasse</strong></span> <span class='ocrx_word' id='word_1_183' title='bbox 624 2239 718 2299; x_wconf 86' lang='lat' dir='ltr'><strong>refert</strong></span> <span class='ocrx_word' id='word_1_184' title='bbox 745 2239 866 2300; x_wconf 87' lang='lat' dir='ltr'><strong>Mnnro:</strong></span> <span class='ocrx_word' id='word_1_185' title='bbox 893 2239 945 2299; x_wconf 79' lang='lat' dir='ltr'><strong>An</strong></span> <span class='ocrx_word' id='word_1_186' title='bbox 972 2242 1135 2301; x_wconf 81' lang='lat' dir='ltr'><strong>adrnirublc</strong></span> <span class='ocrx_word' id='word_1_187' title='bbox 1155 2247 1233 2316; x_wconf 79' lang='lat' dir='ltr'><strong>port.</strong></span> <span class='ocrx_word' id='word_1_188' title='bbox 1277 2244 1327 2304; x_wconf 87' lang='lat' dir='ltr'><strong>No</strong></span> 
     </span>
     <span class='ocr_line' id='line_1_21' title="bbox 148 2338 1328 2417; baseline 0.005 -21"><span class='ocrx_word' id='word_1_189' title='bbox 148 2338 241 2398; x_wconf 81' lang='lat' dir='ltr'><strong>Latin</strong></span> <span class='ocrx_word' id='word_1_190' title='bbox 268 2344 366 2399; x_wconf 79' lang='lat' dir='ltr'><strong>rorifer</strong></span> <span class='ocrx_word' id='word_1_191' title='bbox 395 2344 420 2400; x_wconf 81' lang='lat' dir='ltr'><strong>is</strong></span> <span class='ocrx_word' id='word_1_192' title='bbox 447 2358 479 2400; x_wconf 87' lang='lat' dir='ltr'><strong>so</strong></span> <span class='ocrx_word' id='word_1_193' title='bbox 504 2338 605 2399; x_wconf 77' lang='lat' dir='ltr'><strong>Greek.</strong></span> <span class='ocrx_word' id='word_1_194' title='bbox 653 2339 712 2397; x_wconf 78' lang='lat' dir='ltr'><strong>Tbc</strong></span> <span class='ocrx_word' id='word_1_195' title='bbox 738 2341 906 2413; x_wconf 75' lang='lat' dir='ltr'><strong>simplicily,</strong></span> <span class='ocrx_word' id='word_1_196' title='bbox 934 2341 978 2398; x_wconf 81' lang='lat' dir='ltr'><strong>the</strong></span> <span class='ocrx_word' id='word_1_197' title='bbox 999 2341 1120 2413; x_wconf 78' lang='lat' dir='ltr'><strong>perles,</strong></span> <span class='ocrx_word' id='word_1_198' title='bbox 1147 2340 1192 2400; x_wconf 77' lang='lat' dir='ltr'><strong>tire</strong></span> <span class='ocrx_word' id='word_1_199' title='bbox 1213 2343 1328 2417; x_wconf 70' lang='lat' dir='ltr'><strong>perfect</strong></span> 
     </span>
     <span class='ocr_line' id='line_1_22' title="bbox 146 2434 1327 2513; baseline 0.004 -18"><span class='ocrx_word' id='word_1_200' title='bbox 146 2454 247 2510; x_wconf 75' lang='lat' dir='ltr'><strong>prece,</strong></span> <span class='ocrx_word' id='word_1_201' title='bbox 275 2439 365 2497; x_wconf 77' lang='lat' dir='ltr'><strong>colried</strong></span> <span class='ocrx_word' id='word_1_202' title='bbox 394 2440 415 2497; x_wconf 92' lang='lat'><strong><em>1</em></strong></span> <span class='ocrx_word' id='word_1_203' title='bbox 441 2441 505 2511; x_wconf 73' lang='lat' dir='ltr'><strong>fied</strong></span> <span class='ocrx_word' id='word_1_204' title='bbox 532 2441 564 2497; x_wconf 82' lang='lat' dir='ltr'><strong>in</strong></span> <span class='ocrx_word' id='word_1_205' title='bbox 591 2439 635 2497; x_wconf 78' lang='lat' dir='ltr'><strong>tle</strong></span> <span class='ocrx_word' id='word_1_206' title='bbox 660 2443 743 2511; x_wconf 76' lang='lat' dir='ltr'><strong>preat</strong></span> <span class='ocrx_word' id='word_1_207' title='bbox 771 2434 970 2513; x_wconf 72' lang='lat' dir='ltr'><strong>Athenionlf]</strong></span> <span class='ocrx_word' id='word_1_208' title='bbox 998 2439 1119 2506; x_wconf 71' lang='lat' dir='ltr'><strong>modale,</strong></span> <span class='ocrx_word' id='word_1_209' title='bbox 1147 2457 1199 2498; x_wconf 85' lang='lat' dir='ltr'><strong>erc</strong></span> <span class='ocrx_word' id='word_1_210' title='bbox 1225 2440 1268 2499; x_wconf 74' lang='lat' dir='ltr'><strong>aa</strong></span> <span class='ocrx_word' id='word_1_211' title='bbox 1294 2443 1327 2500; x_wconf 80' lang='lat' dir='ltr'><strong>in</strong></span> 
     </span>
     <span class='ocr_line' id='line_1_23' title="bbox 150 2533 1326 2613; baseline 0.003 -21"><span class='ocrx_word' id='word_1_212' title='bbox 150 2533 298 2604; x_wconf 75' lang='lat' dir='ltr'><strong>Catullus,</strong></span> <span class='ocrx_word' id='word_1_213' title='bbox 321 2538 382 2595; x_wconf 83' lang='lat' dir='ltr'><strong>and</strong></span> <span class='ocrx_word' id='word_1_214' title='bbox 404 2540 435 2595; x_wconf 77' lang='lat' dir='ltr'><strong>iu</strong></span> <span class='ocrx_word' id='word_1_215' title='bbox 458 2537 517 2594; x_wconf 81' lang='lat' dir='ltr'><strong>lim</strong></span> <span class='ocrx_word' id='word_1_216' title='bbox 536 2538 619 2595; x_wconf 83' lang='lat' dir='ltr'><strong>alono</strong></span> <span class='ocrx_word' id='word_1_217' title='bbox 640 2537 676 2609; x_wconf 79' lang='lat' dir='ltr'><strong>of</strong></span> <span class='ocrx_word' id='word_1_218' title='bbox 694 2535 738 2594; x_wconf 83' lang='lat' dir='ltr'><strong>llrc</strong></span> <span class='ocrx_word' id='word_1_219' title='bbox 755 2535 895 2594; x_wconf 73' lang='lat' dir='ltr'><strong>Romane.</strong></span> <span class='ocrx_word' id='word_1_220' title='bbox 928 2553 1124 2612; x_wconf 85' lang='lat' dir='ltr'><strong>quamquam,</strong></span> <span class='ocrx_word' id='word_1_221' title='bbox 1143 2537 1223 2612; x_wconf 89' lang='lat' dir='ltr'><strong>quod</strong></span> <span class='ocrx_word' id='word_1_222' title='bbox 1240 2556 1326 2613; x_wconf 80' lang='lat' dir='ltr'><strong>grae·</strong></span> 
     </span>
     <span class='ocr_line' id='line_1_24' title="bbox 148 2634 1326 2711; baseline 0.007 -22"><span class='ocrx_word' id='word_1_223' title='bbox 148 2650 214 2690; x_wconf 90' lang='lat' dir='ltr'><strong>curn</strong></span> <span class='ocrx_word' id='word_1_224' title='bbox 240 2639 327 2692; x_wconf 85' lang='lat' dir='ltr'><strong>uocat</strong></span> <span class='ocrx_word' id='word_1_225' title='bbox 350 2636 470 2710; x_wconf 87' lang='lat' dir='ltr'><strong>poetam</strong></span> <span class='ocrx_word' id='word_1_226' title='bbox 488 2635 657 2710; x_wconf 82' lang='lat' dir='ltr'><strong>Maesulay,</strong></span> <span class='ocrx_word' id='word_1_227' title='bbox 676 2637 757 2693; x_wconf 88' lang='lat' dir='ltr'><strong>recte</strong></span> <span class='ocrx_word' id='word_1_228' title='bbox 780 2638 828 2694; x_wconf 89' lang='lat' dir='ltr'><strong>est</strong></span> <span class='ocrx_word' id='word_1_229' title='bbox 850 2634 1099 2711; x_wconf 86' lang='lat' dir='ltr'><strong>intellegendum:</strong></span> <span class='ocrx_word' id='word_1_230' title='bbox 1123 2634 1221 2695; x_wconf 84' lang='lat' dir='ltr'><strong>Italus</strong></span> <span class='ocrx_word' id='word_1_231' title='bbox 1244 2637 1326 2697; x_wconf 89' lang='lat' dir='ltr'><strong>onim</strong></span> 
     </span>
     <span class='ocr_line' id='line_1_25' title="bbox 147 2725 1325 2812; baseline 0.006 -25"><span class='ocrx_word' id='word_1_232' title='bbox 147 2730 199 2805; x_wconf 91' lang='lat' dir='ltr'><strong>qui</strong></span> <span class='ocrx_word' id='word_1_233' title='bbox 223 2735 270 2790; x_wconf 91' lang='lat' dir='ltr'><strong>est</strong></span> <span class='ocrx_word' id='word_1_234' title='bbox 292 2734 375 2790; x_wconf 88' lang='lat' dir='ltr'><strong>totus</strong></span> <span class='ocrx_word' id='word_1_235' title='bbox 394 2733 425 2791; x_wconf 93' lang='lat' dir='ltr'><strong>in</strong></span> <span class='ocrx_word' id='word_1_236' title='bbox 444 2731 596 2808; x_wconf 85' lang='lat' dir='ltr'><strong>cogitandi</strong></span> <span class='ocrx_word' id='word_1_237' title='bbox 615 2732 783 2808; x_wconf 83' lang='lat' dir='ltr'><strong>agendique</strong></span> <span class='ocrx_word' id='word_1_238' title='bbox 802 2733 889 2792; x_wconf 92' lang='lat' dir='ltr'><strong>modo</strong></span> <span class='ocrx_word' id='word_1_239' title='bbox 909 2725 1017 2812; x_wconf 78' lang='lat' dir='ltr'><strong>(etiarn</strong></span> <span class='ocrx_word' id='word_1_240' title='bbox 1035 2732 1066 2791; x_wconf 91' lang='lat' dir='ltr'><strong>in</strong></span> <span class='ocrx_word' id='word_1_241' title='bbox 1084 2736 1170 2793; x_wconf 88' lang='lat' dir='ltr'><strong>aceto</strong></span> <span class='ocrx_word' id='word_1_242' title='bbox 1188 2737 1220 2794; x_wconf 88' lang='lat' dir='ltr'><strong>et</strong></span> <span class='ocrx_word' id='word_1_243' title='bbox 1237 2752 1325 2812; x_wconf 85' lang='lat' dir='ltr'><strong>aspe-</strong></span> 
     </span>
     <span class='ocr_line' id='line_1_26' title="bbox 147 2820 1325 2912; baseline 0.008 -27"><span class='ocrx_word' id='word_1_244' title='bbox 147 2820 267 2908; x_wconf 85' lang='lat' dir='ltr'><strong>ritate),</strong></span> <span class='ocrx_word' id='word_1_245' title='bbox 295 2828 374 2887; x_wconf 90' lang='lat' dir='ltr'><strong>idem</strong></span> <span class='ocrx_word' id='word_1_246' title='bbox 402 2830 433 2888; x_wconf 92' lang='lat' dir='ltr'><strong>in</strong></span> <span class='ocrx_word' id='word_1_247' title='bbox 462 2829 608 2889; x_wconf 85' lang='lat' dir='ltr'><strong>sentiendi</strong></span> <span class='ocrx_word' id='word_1_248' title='bbox 632 2830 724 2889; x_wconf 89' lang='lat' dir='ltr'><strong>altius</strong></span> <span class='ocrx_word' id='word_1_249' title='bbox 749 2830 881 2890; x_wconf 87' lang='lat' dir='ltr'><strong>tenerius</strong></span> <span class='ocrx_word' id='word_1_250' title='bbox 904 2830 1064 2890; x_wconf 89' lang='lat' dir='ltr'><strong>humanius</strong></span> <span class='ocrx_word' id='word_1_251' title='bbox 1088 2831 1206 2892; x_wconf 88' lang='lat' dir='ltr'><strong>ratione</strong></span> <span class='ocrx_word' id='word_1_252' title='bbox 1234 2833 1325 2912; x_wconf 88' lang='lat' dir='ltr'><strong>longe</strong></span> 
     </span>
     <span class='ocr_line' id='line_1_27' title="bbox 147 2926 1325 3005; baseline 0.008 -22"><span class='ocrx_word' id='word_1_253' title='bbox 147 2926 376 3001; x_wconf 87' lang='lat' dir='ltr'><strong>supergreditur</strong></span> <span class='ocrx_word' id='word_1_254' title='bbox 390 2927 550 3003; x_wconf 89' lang='lat' dir='ltr'><strong>populares</strong></span> <span class='ocrx_word' id='word_1_255' title='bbox 566 2928 720 3003; x_wconf 85' lang='lat' dir='ltr'><strong>plurimos,</strong></span> <span class='ocrx_word' id='word_1_256' title='bbox 736 2930 845 3004; x_wconf 92' lang='lat' dir='ltr'><strong>quippe</strong></span> <span class='ocrx_word' id='word_1_257' title='bbox 860 2948 949 3005; x_wconf 91' lang='lat' dir='ltr'><strong>quem</strong></span> <span class='ocrx_word' id='word_1_258' title='bbox 962 2933 1136 2989; x_wconf 89' lang='lat' dir='ltr'><strong>nascentem</strong></span> <span class='ocrx_word' id='word_1_259' title='bbox 1149 2949 1209 2990; x_wconf 94' lang='lat' dir='ltr'><strong>non</strong></span> <span class='ocrx_word' id='word_1_260' title='bbox 1223 2932 1325 2993; x_wconf 87' lang='lat' dir='ltr'><strong>minus</strong></span> 
     </span>
     <span class='ocr_line' id='line_1_28' title="bbox 148 3022 1325 3105; baseline 0.009 -24"><span class='ocrx_word' id='word_1_261' title='bbox 148 3022 264 3099; x_wconf 88' lang='lat' dir='ltr'><strong>placido</strong></span> <span class='ocrx_word' id='word_1_262' title='bbox 284 3024 372 3082; x_wconf 88' lang='lat' dir='ltr'><strong>uultu</strong></span> <span class='ocrx_word' id='word_1_263' title='bbox 392 3024 463 3083; x_wconf 89' lang='lat' dir='ltr'><strong>diue</strong></span> <span class='ocrx_word' id='word_1_264' title='bbox 482 3026 569 3085; x_wconf 85' lang='lat' dir='ltr'><strong>Musa</strong></span> <span class='ocrx_word' id='word_1_265' title='bbox 591 3026 703 3084; x_wconf 86' lang='lat' dir='ltr'><strong>uiderit</strong></span> <span class='ocrx_word' id='word_1_266' title='bbox 727 3046 817 3102; x_wconf 88' lang='lat' dir='ltr'><strong>quam</strong></span> <span class='ocrx_word' id='word_1_267' title='bbox 840 3026 909 3087; x_wconf 91' lang='lat' dir='ltr'><strong>olim</strong></span> <span class='ocrx_word' id='word_1_268' title='bbox 930 3027 1113 3089; x_wconf 83' lang='lat' dir='ltr'><strong>felicioribus</strong></span> <span class='ocrx_word' id='word_1_269' title='bbox 1136 3029 1325 3105; x_wconf 87' lang='lat' dir='ltr'><strong>temporibus</strong></span> 
     </span>
     <span class='ocr_line' id='line_1_29' title="bbox 147 3121 1325 3205; baseline 0.007 -25"><span class='ocrx_word' id='word_1_270' title='bbox 147 3121 338 3196; x_wconf 87' lang='lat' dir='ltr'><strong>Sapphonem</strong></span> <span class='ocrx_word' id='word_1_271' title='bbox 362 3125 393 3180; x_wconf 90' lang='lat' dir='ltr'><strong>et</strong></span> <span class='ocrx_word' id='word_1_272' title='bbox 415 3123 558 3183; x_wconf 85' lang='lat' dir='ltr'><strong>Alcaeum</strong></span> <span class='ocrx_word' id='word_1_273' title='bbox 583 3123 765 3201; x_wconf 88' lang='lat' dir='ltr'><strong>similesque.</strong></span> <span class='ocrx_word' id='word_1_274' title='bbox 812 3127 877 3203; x_wconf 89' lang='lat' dir='ltr'><strong>sed,</strong></span> <span class='ocrx_word' id='word_1_275' title='bbox 907 3129 942 3184; x_wconf 91' lang='lat' dir='ltr'><strong>ut</strong></span> <span class='ocrx_word' id='word_1_276' title='bbox 968 3126 1029 3185; x_wconf 88' lang='lat' dir='ltr'><strong>iam</strong></span> <span class='ocrx_word' id='word_1_277' title='bbox 1058 3126 1132 3199; x_wconf 83' lang='lat' dir='ltr'><strong>dixi,</strong></span> <span class='ocrx_word' id='word_1_278' title='bbox 1155 3127 1230 3188; x_wconf 89' lang='lat' dir='ltr'><strong>haee</strong></span> <span class='ocrx_word' id='word_1_279' title='bbox 1251 3147 1325 3205; x_wconf 88' lang='lat' dir='ltr'><strong>qna-</strong></span> 
     </span>
     <span class='ocr_line' id='line_1_30' title="bbox 148 3220 1326 3300; baseline 0.008 -22"><span class='ocrx_word' id='word_1_280' title='bbox 148 3220 237 3279; x_wconf 85' lang='lat' dir='ltr'><strong>drant</strong></span> <span class='ocrx_word' id='word_1_281' title='bbox 251 3221 441 3295; x_wconf 89' lang='lat' dir='ltr'><strong>potissimum</strong></span> <span class='ocrx_word' id='word_1_282' title='bbox 456 3223 485 3280; x_wconf 92' lang='lat' dir='ltr'><strong>in</strong></span> <span class='ocrx_word' id='word_1_283' title='bbox 504 3223 600 3298; x_wconf 87' lang='lat' dir='ltr'><strong>partis</strong></span> <span class='ocrx_word' id='word_1_284' title='bbox 615 3222 729 3297; x_wconf 89' lang='lat' dir='ltr'><strong>primae</strong></span> <span class='ocrx_word' id='word_1_285' title='bbox 747 3225 916 3300; x_wconf 88' lang='lat' dir='ltr'><strong>tertiaeque</strong></span> <span class='ocrx_word' id='word_1_286' title='bbox 931 3225 1064 3284; x_wconf 88' lang='lat' dir='ltr'><strong>carmina</strong></span> <span class='ocrx_word' id='word_1_287' title='bbox 1077 3225 1192 3286; x_wconf 88' lang='lat' dir='ltr'><strong>leniora</strong></span> <span class='ocrx_word' id='word_1_288' title='bbox 1206 3226 1326 3287; x_wconf 85' lang='lat' dir='ltr'><strong>eadem·</strong></span> 
     </span>
     <span class='ocr_line' id='line_1_31' title="bbox 146 3318 350 3395; baseline 0.01 -19"><span class='ocrx_word' id='word_1_289' title='bbox 146 3336 203 3395; x_wconf 91' lang='lat' dir='ltr'><strong>que</strong></span> <span class='ocrx_word' id='word_1_290' title='bbox 227 3318 350 3378; x_wconf 87' lang='lat' dir='ltr'><strong>minora.</strong></span> 
     </span>
    </p>

    <p class='ocr_par' dir='ltr' id='par_1_3' title="bbox 144 3416 1325 3891">
     <span class='ocr_line' id='line_1_32' title="bbox 235 3416 1325 3499; baseline 0.008 -23"><span class='ocrx_word' id='word_1_291' title='bbox 235 3416 339 3494; x_wconf 87' lang='lat' dir='ltr'><strong>Longe</strong></span> <span class='ocrx_word' id='word_1_292' title='bbox 362 3419 423 3479; x_wconf 90' lang='lat' dir='ltr'><strong>alia</strong></span> <span class='ocrx_word' id='word_1_293' title='bbox 446 3424 493 3479; x_wconf 87' lang='lat' dir='ltr'><strong>est</strong></span> <span class='ocrx_word' id='word_1_294' title='bbox 515 3420 607 3479; x_wconf 88' lang='lat' dir='ltr'><strong>facies</strong></span> <span class='ocrx_word' id='word_1_295' title='bbox 631 3420 727 3495; x_wconf 90' lang='lat' dir='ltr'><strong>partis</strong></span> <span class='ocrx_word' id='word_1_296' title='bbox 753 3419 914 3495; x_wconf 79' lang='lat' dir='ltr'><strong>secundae,</strong></span> <span class='ocrx_word' id='word_1_297' title='bbox 938 3421 968 3479; x_wconf 91' lang='lat' dir='ltr'><strong>in</strong></span> <span class='ocrx_word' id='word_1_298' title='bbox 991 3439 1052 3497; x_wconf 92' lang='lat' dir='ltr'><strong>qua</strong></span> <span class='ocrx_word' id='word_1_299' title='bbox 1073 3420 1161 3481; x_wconf 83' lang='lat' dir='ltr'><strong>docta</strong></span> <span class='ocrx_word' id='word_1_300' title='bbox 1183 3428 1325 3499; x_wconf 84' lang='lat' dir='ltr'><strong>poemata</strong></span> 
     </span>
     <span class='ocr_line' id='line_1_33' title="bbox 146 3509 1325 3598; baseline 0.008 -25"><span class='ocrx_word' id='word_1_301' title='bbox 146 3509 435 3598; x_wconf 69' lang='lat' dir='ltr'><strong>(LXI-nxvlllb)</strong></span> <span class='ocrx_word' id='word_1_302' title='bbox 455 3522 526 3577; x_wconf 88' lang='lat' dir='ltr'><strong>sunt</strong></span> <span class='ocrx_word' id='word_1_303' title='bbox 544 3519 680 3579; x_wconf 88' lang='lat' dir='ltr'><strong>collecta.</strong></span> <span class='ocrx_word' id='word_1_304' title='bbox 713 3519 750 3579; x_wconf 87' lang='lat' dir='ltr'><strong>de</strong></span> <span class='ocrx_word' id='word_1_305' title='bbox 768 3537 894 3595; x_wconf 88' lang='lat' dir='ltr'><strong>quorum</strong></span> <span class='ocrx_word' id='word_1_306' title='bbox 918 3518 1035 3578; x_wconf 87' lang='lat' dir='ltr'><strong>ratione</strong></span> <span class='ocrx_word' id='word_1_307' title='bbox 1054 3520 1196 3579; x_wconf 88' lang='lat' dir='ltr'><strong>uniuersa</strong></span> <span class='ocrx_word' id='word_1_308' title='bbox 1213 3521 1275 3581; x_wconf 90' lang='lat' dir='ltr'><strong>iam</strong></span> <span class='ocrx_word' id='word_1_309' title='bbox 1292 3523 1325 3583; x_wconf 83' lang='lat' dir='ltr'><strong>in</strong></span> 
     </span>
     <span class='ocr_line' id='line_1_34' title="bbox 145 3615 1323 3693; baseline 0.006 -20"><span class='ocrx_word' id='word_1_310' title='bbox 145 3616 245 3689; x_wconf 90' lang='lat' dir='ltr'><strong>capite</strong></span> <span class='ocrx_word' id='word_1_311' title='bbox 268 3616 363 3690; x_wconf 90' lang='lat' dir='ltr'><strong>primo</strong></span> <span class='ocrx_word' id='word_1_312' title='bbox 388 3616 529 3692; x_wconf 88' lang='lat' dir='ltr'><strong>disserui;</strong></span> <span class='ocrx_word' id='word_1_313' title='bbox 557 3617 605 3675; x_wconf 95' lang='lat' dir='ltr'><strong>hic</strong></span> <span class='ocrx_word' id='word_1_314' title='bbox 633 3617 670 3676; x_wconf 91' lang='lat' dir='ltr'><strong>de</strong></span> <span class='ocrx_word' id='word_1_315' title='bbox 694 3615 812 3677; x_wconf 83' lang='lat' dir='ltr'><strong>Catullo</strong></span> <span class='ocrx_word' id='word_1_316' title='bbox 836 3617 1044 3693; x_wconf 87' lang='lat' dir='ltr'><strong>disputaturus</strong></span> <span class='ocrx_word' id='word_1_317' title='bbox 1068 3618 1230 3692; x_wconf 88' lang='lat' dir='ltr'><strong>praemitto</strong></span> <span class='ocrx_word' id='word_1_318' title='bbox 1253 3639 1323 3680; x_wconf 88' lang='lat' dir='ltr'><strong>enm</strong></span> 
     </span>
     <span class='ocr_line' id='line_1_35' title="bbox 145 3712 1321 3793; baseline 0.008 -23"><span class='ocrx_word' id='word_1_319' title='bbox 145 3712 176 3770; x_wconf 96' lang='lat' dir='ltr'><strong>in</strong></span> <span class='ocrx_word' id='word_1_320' title='bbox 199 3712 255 3770; x_wconf 88' lang='lat' dir='ltr'><strong>hac</strong></span> <span class='ocrx_word' id='word_1_321' title='bbox 278 3717 364 3787; x_wconf 88' lang='lat' dir='ltr'><strong>parte</strong></span> <span class='ocrx_word' id='word_1_322' title='bbox 388 3735 447 3773; x_wconf 92' lang='lat' dir='ltr'><strong>non</strong></span> <span class='ocrx_word' id='word_1_323' title='bbox 470 3714 508 3773; x_wconf 88' lang='lat' dir='ltr'><strong>ad</strong></span> <span class='ocrx_word' id='word_1_324' title='bbox 531 3734 601 3773; x_wconf 92' lang='lat' dir='ltr'><strong>eum</strong></span> <span class='ocrx_word' id='word_1_325' title='bbox 624 3715 816 3791; x_wconf 88' lang='lat' dir='ltr'><strong>perfectionis</strong></span> <span class='ocrx_word' id='word_1_326' title='bbox 840 3715 968 3791; x_wconf 86' lang='lat' dir='ltr'><strong>gradum</strong></span> <span class='ocrx_word' id='word_1_327' title='bbox 989 3716 1162 3791; x_wconf 85' lang='lat' dir='ltr'><strong>peruenisse</strong></span> <span class='ocrx_word' id='word_1_328' title='bbox 1180 3735 1272 3793; x_wconf 89' lang='lat' dir='ltr'><strong>quam</strong></span> <span class='ocrx_word' id='word_1_329' title='bbox 1290 3720 1321 3779; x_wconf 90' lang='lat' dir='ltr'><strong>in</strong></span> 
     </span>
     <span class='ocr_line' id='line_1_36' title="bbox 144 3806 1323 3891; baseline 0.009 -25"><span class='ocrx_word' id='word_1_330' title='bbox 144 3809 257 3884; x_wconf 81' lang='lat' dir='ltr'><strong>lyricis,</strong></span> <span class='ocrx_word' id='word_1_331' title='bbox 304 3810 386 3870; x_wconf 88' lang='lat' dir='ltr'><strong>cuius</strong></span> <span class='ocrx_word' id='word_1_332' title='bbox 411 3813 454 3871; x_wconf 88' lang='lat' dir='ltr'><strong>rei</strong></span> <span class='ocrx_word' id='word_1_333' title='bbox 478 3831 585 3873; x_wconf 90' lang='lat' dir='ltr'><strong>causae</strong></span> <span class='ocrx_word' id='word_1_334' title='bbox 614 3833 680 3872; x_wconf 91' lang='lat' dir='ltr'><strong>cum</strong></span> <span class='ocrx_word' id='word_1_335' title='bbox 707 3814 784 3872; x_wconf 84' lang='lat' dir='ltr'><strong>uliae</strong></span> <span class='ocrx_word' id='word_1_336' title='bbox 813 3813 874 3872; x_wconf 88' lang='lat' dir='ltr'><strong>sint</strong></span> <span class='ocrx_word' id='word_1_337' title='bbox 896 3806 1039 3891; x_wconf 80' lang='lat' dir='ltr'><strong>(maxime</strong></span> <span class='ocrx_word' id='word_1_338' title='bbox 1063 3815 1195 3890; x_wconf 87' lang='lat' dir='ltr'><strong>suscepti</strong></span> <span class='ocrx_word' id='word_1_339' title='bbox 1218 3816 1323 3877; x_wconf 80' lang='lat' dir='ltr'><strong>etiam·</strong></span> 
     </span>
    </p>
   </div>
   <div class='ocr_carea' id='block_1_3' title="bbox 144 3903 1323 4285">
    <p class='ocr_par' dir='ltr' id='par_1_4' title="bbox 144 3903 1323 4285">
     <span class='ocr_line' id='line_1_37' title="bbox 144 3903 1322 3991; baseline 0.009 -25"><span class='ocrx_word' id='word_1_340' title='bbox 144 3913 216 3968; x_wconf 91' lang='lat' dir='ltr'><strong>tuuc</strong></span> <span class='ocrx_word' id='word_1_341' title='bbox 238 3908 310 3966; x_wconf 92' lang='lat' dir='ltr'><strong>noui</strong></span> <span class='ocrx_word' id='word_1_342' title='bbox 333 3908 494 3969; x_wconf 89' lang='lat' dir='ltr'><strong>difficultas</strong></span> <span class='ocrx_word' id='word_1_343' title='bbox 518 3912 613 3971; x_wconf 88' lang='lat' dir='ltr'><strong>multo</strong></span> <span class='ocrx_word' id='word_1_344' title='bbox 637 3903 760 3991; x_wconf 87' lang='lat' dir='ltr'><strong>maior),</strong></span> <span class='ocrx_word' id='word_1_345' title='bbox 789 3916 854 3969; x_wconf 91' lang='lat' dir='ltr'><strong>tum</strong></span> <span class='ocrx_word' id='word_1_346' title='bbox 883 3930 918 3970; x_wconf 90' lang='lat' dir='ltr'><strong>ca</strong></span> <span class='ocrx_word' id='word_1_347' title='bbox 941 3912 1020 3987; x_wconf 92' lang='lat' dir='ltr'><strong>quod</strong></span> <span class='ocrx_word' id='word_1_348' title='bbox 1043 3931 1103 3971; x_wconf 93' lang='lat' dir='ltr'><strong>non</strong></span> <span class='ocrx_word' id='word_1_349' title='bbox 1126 3913 1249 3990; x_wconf 87' lang='lat' dir='ltr'><strong>propria</strong></span> <span class='ocrx_word' id='word_1_350' title='bbox 1271 3936 1322 3977; x_wconf 91' lang='lat' dir='ltr'><strong>na-</strong></span> 
     </span>
     <span class='ocr_line' id='line_1_38' title="bbox 145 4007 1322 4092; baseline 0.009 -29"><span class='ocrx_word' id='word_1_351' title='bbox 145 4008 214 4065; x_wconf 88' lang='lat' dir='ltr'><strong>tura</strong></span> <span class='ocrx_word' id='word_1_352' title='bbox 236 4008 340 4066; x_wconf 87' lang='lat' dir='ltr'><strong>noster</strong></span> <span class='ocrx_word' id='word_1_353' title='bbox 368 4007 514 4067; x_wconf 89' lang='lat' dir='ltr'><strong>adductus</strong></span> <span class='ocrx_word' id='word_1_354' title='bbox 543 4010 663 4069; x_wconf 90' lang='lat' dir='ltr'><strong>uidetur</strong></span> <span class='ocrx_word' id='word_1_355' title='bbox 686 4010 725 4068; x_wconf 92' lang='lat' dir='ltr'><strong>ad</strong></span> <span class='ocrx_word' id='word_1_356' title='bbox 748 4011 803 4069; x_wconf 92' lang='lat' dir='ltr'><strong>hoc</strong></span> <span class='ocrx_word' id='word_1_357' title='bbox 826 4029 921 4085; x_wconf 84' lang='lat' dir='ltr'><strong>genua</strong></span> <span class='ocrx_word' id='word_1_358' title='bbox 945 4010 1115 4088; x_wconf 85' lang='lat' dir='ltr'><strong>colendum,</strong></span> <span class='ocrx_word' id='word_1_359' title='bbox 1143 4011 1196 4073; x_wconf 87' lang='lat' dir='ltr'><strong>sed</strong></span> <span class='ocrx_word' id='word_1_360' title='bbox 1222 4015 1322 4092; x_wconf 80' lang='lat' dir='ltr'><strong>magis</strong></span> 
     </span>
     <span class='ocr_line' id='line_1_39' title="bbox 144 4104 1323 4186; baseline 0.008 -22"><span class='ocrx_word' id='word_1_361' title='bbox 144 4105 265 4164; x_wconf 90' lang='lat' dir='ltr'><strong>scholae</strong></span> <span class='ocrx_word' id='word_1_362' title='bbox 287 4104 415 4179; x_wconf 87' lang='lat' dir='ltr'><strong>placitis.</strong></span> <span class='ocrx_word' id='word_1_363' title='bbox 461 4110 493 4164; x_wconf 89' lang='lat' dir='ltr'><strong>et</strong></span> <span class='ocrx_word' id='word_1_364' title='bbox 520 4126 701 4184; x_wconf 89' lang='lat' dir='ltr'><strong>quamquam</strong></span> <span class='ocrx_word' id='word_1_365' title='bbox 729 4109 760 4167; x_wconf 92' lang='lat' dir='ltr'><strong>in</strong></span> <span class='ocrx_word' id='word_1_366' title='bbox 788 4109 834 4167; x_wconf 89' lang='lat' dir='ltr'><strong>his</strong></span> <span class='ocrx_word' id='word_1_367' title='bbox 858 4108 963 4168; x_wconf 89' lang='lat' dir='ltr'><strong>doctae</strong></span> <span class='ocrx_word' id='word_1_368' title='bbox 985 4109 1084 4185; x_wconf 84' lang='lat' dir='ltr'><strong>poesis</strong></span> <span class='ocrx_word' id='word_1_369' title='bbox 1108 4110 1323 4186; x_wconf 82' lang='lat' dir='ltr'><strong>speciminibus</strong></span> 
     </span>
     <span class='ocr_line' id='line_1_40' title="bbox 145 4203 1322 4285; baseline 0.011 -25"><span class='ocrx_word' id='word_1_370' title='bbox 145 4222 264 4278; x_wconf 90' lang='lat' dir='ltr'><strong>quoque</strong></span> <span class='ocrx_word' id='word_1_371' title='bbox 291 4203 388 4262; x_wconf 86' lang='lat' dir='ltr'><strong>multa</strong></span> <span class='ocrx_word' id='word_1_372' title='bbox 415 4205 518 4282; x_wconf 87' lang='lat' dir='ltr'><strong>pulcra</strong></span> <span class='ocrx_word' id='word_1_373' title='bbox 543 4205 721 4283; x_wconf 78' lang='lat' dir='ltr'><strong>Cat-ulloque</strong></span> <span class='ocrx_word' id='word_1_374' title='bbox 745 4208 836 4283; x_wconf 86' lang='lat' dir='ltr'><strong>digna</strong></span> <span class='ocrx_word' id='word_1_375' title='bbox 859 4207 1050 4282; x_wconf 83' lang='lat' dir='ltr'><strong>reperiuntur</strong></span> <span class='ocrx_word' id='word_1_376' title='bbox 1080 4213 1113 4268; x_wconf 89' lang='lat' dir='ltr'><strong>et</strong></span> <span class='ocrx_word' id='word_1_377' title='bbox 1139 4227 1237 4285; x_wconf 90' lang='lat' dir='ltr'><strong>pauca</strong></span> <span class='ocrx_word' id='word_1_378' title='bbox 1259 4230 1322 4273; x_wconf 83' lang='lat' dir='ltr'><strong>car·</strong></span> 
     </span>
    </p>
   </div>
   <div class='ocr_carea' id='block_1_4' title="bbox 144 4297 1322 4481">
    <p class='ocr_par' dir='ltr' id='par_1_5' title="bbox 144 4297 1322 4481">
     <span class='ocr_line' id='line_1_41' title="bbox 144 4297 1322 4385; baseline 0.01 -27"><span class='ocrx_word' id='word_1_379' title='bbox 144 4301 226 4359; x_wconf 90' lang='lat' dir='ltr'><strong>mina</strong></span> <span class='ocrx_word' id='word_1_380' title='bbox 249 4297 349 4380; x_wconf 78' lang='lat' dir='ltr'>(LXII</span> <span class='ocrx_word' id='word_1_381' title='bbox 376 4310 409 4361; x_wconf 85' lang='lat' dir='ltr'><strong>ot</strong></span> <span class='ocrx_word' id='word_1_382' title='bbox 430 4322 503 4378; x_wconf 90' lang='lat' dir='ltr'><strong>prae</strong></span> <span class='ocrx_word' id='word_1_383' title='bbox 532 4305 639 4363; x_wconf 87' lang='lat' dir='ltr'><strong>ceteris</strong></span> <span class='ocrx_word' id='word_1_384' title='bbox 663 4297 778 4383; x_wconf 81' lang='lat' dir='ltr'>LXIII)</span> <span class='ocrx_word' id='word_1_385' title='bbox 808 4306 887 4363; x_wconf 91' lang='lat' dir='ltr'><strong>omni</strong></span> <span class='ocrx_word' id='word_1_386' title='bbox 915 4324 950 4362; x_wconf 79' lang='lat' dir='ltr'><strong>es</strong></span> <span class='ocrx_word' id='word_1_387' title='bbox 979 4308 1065 4380; x_wconf 84' lang='lat' dir='ltr'><strong>purte</strong></span> <span class='ocrx_word' id='word_1_388' title='bbox 1089 4307 1214 4383; x_wconf 85' lang='lat' dir='ltr'><strong>egregia</strong></span> <span class='ocrx_word' id='word_1_389' title='bbox 1240 4314 1322 4385; x_wconf 82' lang='lat' dir='ltr'><strong>sunt,</strong></span> 
     </span>
     <span class='ocr_line' id='line_1_42' title="bbox 144 4393 1321 4481; baseline 0.008 -23"><span class='ocrx_word' id='word_1_390' title='bbox 144 4404 246 4459; x_wconf 87' lang='lat' dir='ltr'><strong>lamen</strong></span> <span class='ocrx_word' id='word_1_391' title='bbox 275 4393 319 4469; x_wconf 79' lang='lat' dir='ltr'><strong>(ei</strong></span> <span class='ocrx_word' id='word_1_392' title='bbox 348 4401 378 4459; x_wconf 93' lang='lat' dir='ltr'><strong>in</strong></span> <span class='ocrx_word' id='word_1_393' title='bbox 408 4402 579 4461; x_wconf 83' lang='lat' dir='ltr'><strong>uniuersum</strong></span> <span class='ocrx_word' id='word_1_394' title='bbox 610 4422 673 4462; x_wconf 93' lang='lat' dir='ltr'><strong>rem</strong></span> <span class='ocrx_word' id='word_1_395' title='bbox 702 4395 891 4481; x_wconf 84' lang='lat' dir='ltr'><strong>spectamus)</strong></span> <span class='ocrx_word' id='word_1_396' title='bbox 921 4404 967 4461; x_wconf 89' lang='lat' dir='ltr'><strong>bic</strong></span> <span class='ocrx_word' id='word_1_397' title='bbox 997 4404 1155 4463; x_wconf 70' lang='lat' dir='ltr'><strong>frumoulus</strong></span> <span class='ocrx_word' id='word_1_398' title='bbox 1185 4424 1245 4466; x_wconf 88' lang='lat' dir='ltr'><strong>non</strong></span> <span class='ocrx_word' id='word_1_399' title='bbox 1275 4406 1321 4467; x_wconf 88' lang='lat' dir='ltr'><strong>ita</strong></span> 
     </span>
    </p>
   </div>
   <div class='ocr_carea' id='block_1_5' title="bbox 0 0 1474 4912">
    <p class='ocr_par' dir='ltr' id='par_1_6' title="bbox 0 0 1474 4912">
     <span class='ocr_line' id='line_1_43' title="bbox 0 0 1474 4912; baseline 0 2"><span class='ocrx_word' id='word_1_400' title='bbox 0 0 1474 4912; x_wconf 95' lang='lat' dir='ltr'><strong> </strong></span> 
     </span>
    </p>
   </div>
  </div>
 </body>
</html>
