2940 4912
597 329 708 384 axam
731 339 808 388 1—2.
1228 334 1293 398 559

117 489 299 544 Pulchrorum
326 490 462 544 familiam
487 492 666 561 pertinuerit,
685 491 817 546 nimirum
844 491 933 564 Lipsii
959 491 1080 563 auspicio
1105 494 1196 548 obiter
1218 494 1294 548 iacta

116 580 289 635 accuratiore
308 578 440 634 carminis
459 581 549 636 adhuc
569 599 667 651 parum
682 582 822 651 perspecti
835 581 1069 651 interpretatione
1084 585 1127 636 eat
1141 581 1292 637 fulcienda.

117 685 215 723 uerum
234 671 286 736 est,
307 669 368 723 Sex.
389 668 517 724 Clodium
538 670 623 724 fuisse
643 669 795 726 deformem
814 670 989 741 (Schwabius
1008 690 1035 741 p.
1050 674 1108 740 92);
1127 672 1176 726 sed
1191 672 1294 727 acerba

115 756 181 812 hinc
206 758 331 812 nascitur
353 758 451 812 inrisio
475 759 587 824 eadem,
611 777 668 828 qua
690 760 774 814 etism
797 759 852 816 Cic.
876 777 902 829 p.
922 759 993 815 Sest.
1013 766 1057 827 64,
1077 766 1127 814 134
1147 760 1292 815 Vatinium

117 847 307 902 foedissimum
335 850 421 903 uocat
439 849 662 917 pulcherrimam.
704 849 804 904 deinde
829 850 853 903 si
876 849 949 904 idem
973 866 1030 904 non
1053 849 1144 904 minus
1167 851 1229 904 erat
1246 849 1292 904 de-

115 941 228 1008 spectus
241 937 278 992 ab
297 936 416 1007 origine,
435 954 485 992 suo
504 937 564 991 iure
584 953 613 992 ae
632 938 680 993 isti
699 936 818 1007 opponit
836 939 928 1006 poeta.
957 954 1022 992 nam
1041 939 1094 993 etsi
1114 940 1175 994 Sex.
1192 938 1291 994 Clodio

115 1026 228 1095 plebeio
251 1029 355 1093 (ortum
377 1042 441 1080 enm
463 1043 482 1079 a
505 1025 608 1081 liberto
632 1028 753 1096 quodam
776 1030 874 1082 uetere
896 1029 990 1096 gentis
1009 1026 1143 1083 Claudiae
1166 1032 1292 1084 sumunt:

115 1116 292 1170 Drumannus
316 1115 375 1168 Ha.
400 1113 425 1167 ll
448 1132 476 1184 p.
499 1118 564 1184 386)
587 1133 643 1170 non
665 1115 722 1170 fuit
739 1115 854 1170 Pulchri
877 1132 1047 1186 cognomen,
1071 1121 1166 1173 tamen
1189 1120 1291 1172 iterum

115 1205 218 1258 acerba
243 1221 306 1258 cum
333 1203 467 1260 inrisione
493 1205 547 1259 hoc
572 1205 653 1274 ponit
674 1208 773 1275 poeta,
799 1222 862 1259 emn
886 1203 923 1260 ad
946 1205 1130 1262 Pulchrorum
1154 1205 1291 1261 familiam

115 1293 238 1349 nobilem
257 1294 405 1363 pertinere.
442 1295 594 1349 dolendum
615 1297 671 1362 est,
691 1295 807 1364 propter
825 1309 916 1364 panca
934 1294 1097 1348 testimonia
1115 1293 1221 1364 oppido
1240 1295 1291 1349 ob·

115 1401 223 1438 scuram
254 1399 314 1438 esse
342 1385 495 1454 rationem,
526 1400 599 1452 quae
622 1382 695 1439 inter
719 1383 749 1437 P.
774 1382 902 1437 Clodium
926 1383 1057 1437 Pulcrum
1082 1386 1111 1438 et
1134 1384 1208 1438 huuc
1232 1383 1292 1440 Sex.

115 1471 243 1526 Clodium
267 1473 462 1527 intercesserit.
501 1490 582 1541 quem
607 1473 734 1527 uidemus
759 1472 872 1541 quidem
897 1468 947 1542 per
971 1471 1066 1527 omnia
1087 1472 1164 1528 illius
1184 1473 1290 1529 socium
1384 1512 1390 1523 .

116 1565 145 1616 et
173 1561 368 1617 administrum
397 1561 497 1628 fuisse,
526 1562 574 1616 sed
602 1563 676 1617 unde
704 1562 856 1616 hacetum
879 1566 941 1616 arta
963 1561 1143 1617 familiaritas
1166 1564 1294 1623 situata
1375 1597 1377 1601 ,

114 1648 265 1717 nescimus3
289 1653 322 1703 ut
340 1665 391 1703 nec
410 1651 463 1704 hoc
482 1653 606 1719 cunstat,
630 1667 680 1705 cur
697 1649 825 1705 tribunus
844 1650 936 1721 plebis
956 1667 1018 1706 cum
1038 1651 1096 1706 suis
1115 1669 1148 1706 ex
1171 1652 1290 1707 Claudio

116 1742 154 1796 sit
176 1741 266 1795 factus
286 1738 408 1794 Clodius.
445 1756 510 1794 nam
534 1757 569 1795 nc
589 1742 735 1810 uulgarem
755 1739 832 1794 illius
852 1741 911 1795 ‘au'
932 1743 962 1796 et
982 1742 1021 1797 ‘o’
1042 1740 1227 1795 mutationem
1249 1758 1291 1794 ar·

115 1848 268 1896 cessamus,
288 1831 388 1884 uetant
405 1828 505 1884 fratres
524 1830 585 1884 eius
604 1830 712 1900 Appius
731 1832 760 1884 et
779 1827 864 1883 Gaius
884 1828 995 1885 Claudii
1014 1830 1122 1899 Pulcri,
1140 1831 1170 1887 iu
1188 1830 1290 1899 quibus

114 1923 197 1974 uetus
216 1919 336 1974 nominis
354 1920 458 1986 forma,
477 1922 509 1973 ut
522 1936 573 1988 par
588 1923 641 1990 cst,
659 1919 768 1974 intacta
782 1919 894 1975 mansit.
932 1936 996 1974 nam
1011 1920 1078 1974 licet
1092 1937 1109 1974 a
1123 1920 1205 1990 plebe
1218 1920 1291 1974 illud

114 2009 225 2078 saepius
244 2026 295 2079 per
315 2009 354 2062 ‘0’
376 2008 413 2062 sit
431 2010 656 2079 pronuntiatum,
675 2025 732 2062 non
749 2009 919 2078 perspicitur
937 2010 1078 2077 quomodo
1096 2013 1155 2063 tam
1176 2011 1289 2065 uetusta

114 2098 272 2166 nobilisque
296 2097 405 2152 familia
423 2114 525 2152 nomen
545 2116 624 2151 suum
645 2098 753 2153 celebre
771 2099 842 2152 adeo
862 2115 946 2167 passa
964 2099 1002 2153 sit
1019 2097 1159 2165 mutilari,
1182 2098 1290 2153 utiam

114 2187 184 2240 haec
210 2186 353 2243 mutilatio
382 2187 522 2241 communi
550 2205 601 2240 usu
630 2187 809 2256 reciperetur.
852 2186 952 2255 quodsi
980 2188 1009 2244 P.
1033 2186 1167 2242 Claudius
1190 2186 1291 2242 Pulcer

114 2277 207 2331 subito
231 2279 275 2330 est
298 2277 389 2331 factus
410 2278 439 2331 P.
459 2276 588 2346 Clodius,
612 2278 689 2330 certo
714 2295 775 2331 cnm
801 2276 918 2331 consilio
943 2293 1047 2331 nomen
1069 2277 1224 2331 inmutasse
1247 2279 1292 2331 est

117 2368 277 2420 censendus.
315 2367 419 2422 frustra
437 2366 485 2421 ille
505 2366 588 2435 olim,
600 2358 639 2420 ”ut
658 2365 787 2420 tribunus
806 2366 897 2436 plebis
917 2369 1065 2434 crearetur,
1083 2366 1212 2435 plebeius
1231 2365 1290 2420 fieri

117 2455 273 2524 studuerat,
285 2473 347 2509 cum
360 2455 472 2510 ineunte
483 2471 507 2509 a.
519 2462 553 2509 60
569 2472 601 2509 ex
612 2454 710 2509 Sicilia
722 2472 850 2510 reuersus
863 2455 893 2510 in
908 2457 1038 2511 contione
1052 2455 1166 2525 publice
1181 2457 1290 2510 eiurato

113 2543 267 2614 patriciatu
286 2544 321 2598 ad
341 2545 452 2613 plebem
471 2544 606 2600 transiret
629 2545 674 2613 (cf.
695 2562 736 2600 ex.
760 2563 801 2615 gr.
821 2545 969 2617 LLangius
987 2546 1096 2615 antiqq.
1116 2545 1195 2600 Rom.
1215 2545 1254 2599 llI
1275 2552 1288 2599 1

114 2653 140 2704 p.
156 2636 229 2702 268).
261 2652 323 2688 cum
338 2633 391 2689 hac
407 2651 436 2688 re
451 2634 581 2705 equidem
596 2638 626 2689 ct
639 2634 761 2689 nominis
776 2637 961 2691 mutationem
977 2634 1024 2705 (ct
1036 2651 1121 2704 supra
1133 2653 1160 2705 p.
1176 2641 1208 2689 81
1221 2637 1291 2704 not.)

113 2731 142 2778 et
163 2722 292 2778 intimam
312 2723 390 2778 illam
411 2741 474 2778 cum
494 2722 556 2778 Sex.
576 2723 675 2779 Clodio
694 2724 805 2794 plebeio
824 2724 978 2779 amicitiam
999 2724 1150 2794 coniungo:
1174 2723 1289 2778 transiit

115 2829 147 2868 ex
172 2831 236 2868 mea
259 2800 400 2868 sententia
418 2812 553 2868 Claudius
577 2813 698 2868 Pulcher
721 2813 757 2867 ad
780 2813 918 2868 familiam
944 2812 1005 2868 Sex.
1027 2811 1131 2880 Clodii,
1155 2812 1237 2867 huius
1261 2815 1290 2867 et

113 2919 214 2957 nomen
233 2902 389 2956 adsciscens
408 2900 471 2956 sibi.
499 2902 603 2956 frustra
621 2902 736 2969 quidem
754 2902 825 2956 illud
844 2902 949 2956 lactum
968 2903 1030 2955 erat
1048 2903 1085 2956 ob
1103 2903 1193 2972 ipsam
1212 2904 1288 2956 tran·

112 2991 183 3044 situs
210 2991 330 3045 formam
357 2991 558 3062 inlegitimam,
587 2991 724 3060 siqnidem
755 2995 783 3047 et
811 2985 965 3046 obsistente
992 2991 1023 3056 Q.
1050 2990 1164 3046 Metello
1191 2990 1286 3047 Celere

112 3080 225 3135 consule
249 3081 333 3148 (unde
357 3081 422 3136 huic
447 3098 509 3136 cum
535 3081 652 3151 coniuge
672 3081 773 3136 Clodia
791 3099 808 3135 a
827 3079 921 3135 fratris
940 3080 1068 3150 partibus
1087 3081 1181 3135 stante
1199 3079 1287 3150 rixae)

112 3186 137 3224 a
161 3177 195 3225 60
219 3171 348 3224 tribunus
370 3171 419 3225 ille
443 3187 499 3224 non
523 3172 568 3223 est
591 3172 700 3224 creatus
724 3174 753 3225 et
776 3186 850 3225 noua
872 3169 1056 3239 adrogatione
1074 3168 1209 3240 (Langius
1229 3169 1247 3223 l.
1267 3168 1285 3223 l.

112 3278 138 3328 p.
158 3262 221 3328 277)
246 3278 315 3329 opus
339 3262 414 3327 erat,
438 3261 470 3313 ut
493 3259 608 3314 tandem
629 3261 688 3315 uoti
708 3259 788 3314 fieret
806 3276 935 3329 compos;
954 3258 1002 3312 sed
1022 3258 1181 3314 coniunctio
1201 3261 1286 3315 semel

111 3350 181 3403 inita
199 3366 261 3404 cum
278 3349 339 3404 Sex.
356 3347 455 3403 Clodio
473 3349 503 3403 in
523 3366 603 3404 omnc
618 3352 730 3420 tempus
745 3350 848 3404 mansit
862 3348 973 3419 (acerbe
988 3346 1045 3402 Cic.
1061 3367 1087 3417 p.
1103 3348 1177 3403 dom.
1195 3355 1236 3416 10,
1252 3355 1286 3403 25

111 3442 183 3494 socio
207 3441 250 3494 lui
273 3439 430 3508 conquirite)
454 3443 497 3507 et,
520 3441 553 3493 ut
576 3439 646 3493 mihi
669 3439 795 3506 uidetur,
820 3439 932 3493 transiit
954 3438 983 3491 in
1003 3436 1032 3492 P.
1053 3434 1144 3491 Clodii
1164 3456 1287 3493 sororem

112 3527 247 3583 Clodiam.
267 3545 351 3597 quam
372 3545 396 3583 a.
417 3534 451 3581 59
470 3528 530 3583 uiro
551 3526 691 3597 priuatam
710 3545 761 3596 par
779 3527 847 3592 erat,
868 3526 892 3580 si
905 3526 934 3579 in
949 3524 1042 3579 fratris
1057 3524 1156 3580 dilecti
1171 3525 1284 3580 domurn

111 3616 257 3687 migrauit,
276 3619 306 3670 et
324 3617 414 3687 ipsam
435 3621 484 3671 aut
503 3617 647 3672 transiisse
665 3617 701 3671 ad
721 3614 857 3669 familiam
877 3631 948 3681 eam,
968 3615 1004 3668 ad
1023 3630 1106 3682 quam
1125 3615 1182 3669 iam
1201 3606 1312 3670 frater'

112 3707 254 3775 pertinuit,
274 3708 325 3760 aut
343 3709 418 3762 certe
439 3707 499 3761 Sex.
520 3706 650 3762 Clodium
670 3705 724 3760 sibi
743 3708 855 3775 optasse
870 3707 1001 3758 tutorem.
1039 3704 1177 3772 quidquid
1192 3705 1221 3758 id
1236 3707 1287 3775 est,

111 3795 184 3850 ultro
212 3797 387 3866 intellegitur
415 3796 480 3850 hinc
508 3795 632 3850 omnium
662 3794 805 3849 facillume
833 3792 997 3865 prouenisse
1024 3791 1089 3846 illos
1112 3794 1148 3848 dc
1171 3793 1286 3848 Clodiae

111 3904 172 3940 cum
192 3886 304 3941 homine
323 3886 378 3940 isto
398 3903 491 3940 umore
510 3884 674 3955 turpissimo
693 3901 831 3939 rumores:
850 3883 1071 3938 transferebatur
1090 3882 1207 3936 infamia
1224 3881 1286 3935 Sex.

112 3973 203 4030 Clodii
220 3975 250 4029 in
268 3975 412 4041 feminam,
431 3992 503 4044 quae
524 3975 559 4029 ob
578 3975 668 4029 solum
687 3974 802 4028 fratrem
820 3973 849 4026 in
864 3971 924 4026 eius
938 3971 1058 4026 tutelam
1074 3987 1103 4024 se
1118 3970 1286 4026 contulerat.

111 4068 298 4135 peruenerant
316 4065 346 4119 hi
366 4082 490 4120 rumores
509 4065 544 4118 ad
560 4082 642 4119 aures
657 4063 773 4128 Catulli3
794 4062 851 4131 qui,
870 4062 902 4114 ut
915 4078 972 4116 non
985 4061 1080 4131 potuit
1094 4076 1148 4113 non
1164 4062 1286 4114 contem-

111 4172 174 4210 nere
195 4154 257 4210 Sex.
278 4153 419 4223 Clodium,
444 4155 485 4208 ita
503 4153 652 4208 defendere
672 4152 781 4207 studuit
799 4152 923 4222 puellum
942 4155 974 4205 ut
992 4168 1091 4221 puram
1112 4149 1178 4218 (buc
1196 4147 1286 4204 refero

109 4243 209 4316 fragm.
236 4243 416 4313 Lxxvlub),
439 4262 610 4314 quamquam
633 4242 749 4313 indigne
771 4241 839 4296 tulit
862 4242 889 4296 in
915 4239 1008 4310 spurci
1026 4238 1148 4294 hominis
1167 4238 1286 4293 tutelam

111 4353 140 4390 ae
163 4335 316 4390 contulisse
340 4337 477 4400 amatam,
505 4350 589 4402 quarn
614 4334 646 4386 ut
669 4333 704 4386 ab
728 4331 782 4386 isto
806 4331 954 4386 desisteret
976 4330 1020 4384 his
1044 4327 1214 4384 carminibus
1238 4329 1285 4383 ad·

110 4427 227 4482 monuit.
265 4425 359 4495 potuit
376 4423 490 4492 Lesbia,
509 4423 534 4477 si
552 4423 655 4491 uoluit,
674 4422 735 4478 fieri
753 4439 823 4476 uxor
843 4417 946 4476 Catulli
970 4421 1034 4488 (hoc
1059 4419 1134 4474 clare
1159 4416 1286 4475 indicant
