2940 4912
193 306 258 371 356
667 307 754 360 LXlll
774 314 886 363 78-79.

192 482 255 520 cum
276 465 454 520 ‘stimulans’
481 464 574 534 iungis
593 468 633 533 (ct
656 468 753 521 notum
777 470 832 534 est,
859 470 956 536 pectus
979 466 1008 521 in
1031 466 1159 522 leonibus
1183 483 1243 520 esse
1268 467 1365 520 sedem

192 555 248 610 irae
271 554 440 624 furorisque)
467 554 527 609 si'ue
551 553 677 609 datiuum
702 574 779 611 more
805 571 906 626 graeco
932 572 982 625 pro
1009 556 1044 608 ‘a
1066 555 1194 624 pectore’
1221 555 1364 624 (nimirum

192 644 272 713 deae)
291 644 412 714 positum
432 643 469 698 ad
489 644 624 699 ‘laeuum‘
646 645 739 700 refers.
769 647 815 699 sed
831 644 897 715 quid
912 643 976 699 uoci
992 644 1125 699 ‘bostem'
1142 643 1277 712 iacerem,
1296 644 1364 699 olim

191 732 302 802 quidem
322 731 494 800 nesciebam3
515 751 588 787 nunc
607 734 647 788 nil
671 734 760 788 latere
782 733 911 788 intellexi
934 733 989 788 nisi
1008 733 1138 800 ‘orceis',
1161 733 1189 786 h.
1208 751 1232 786 e.
1256 732 1364 798 uerbis3

193 839 311 891 quorum
331 823 435 877 mentio
455 821 605 891 peculiaris
628 823 692 877 ideo
718 824 761 877 est
779 826 925 893 exoptata,
951 824 1018 893 quia
1035 821 1161 892 alioquin
1184 821 1298 891 flagello
1316 821 1364 874 sti-

192 911 292 966 mnlari
311 911 440 967 solebant
457 909 487 964 hi
505 910 609 966 leones.
636 943 666 950 -
694 911 740 966 78.
766 913 908 983 agedum,
932 911 1048 983 lnquit,
1073 926 1128 978 age
1153 912 1242 966 ferox
1262 911 1310 965 rac
1329 911 1365 965 nt

190 1001 270 1057 lrunc
289 1001 389 1055 furor.
427 999 543 1070 ‘inquit’
565 1000 638 1054 haud
658 999 698 1054 ita
721 1017 784 1055 raro
803 1001 903 1054 itemm
929 1001 994 1054 addi
1014 1000 1087 1054 solet
1105 1000 1291 1069 praecedente
1311 998 1365 1054 ‘ita

191 1089 325 1158 loquitnr’
352 1088 473 1143 similiue
497 1090 595 1155 uerbo;
620 1088 654 1142 ci.
679 1087 772 1157 Nepos
798 1089 887 1144 Haun.
908 1095 937 1156 2,
957 1095 987 1152 3,
1011 1087 1194 1143 Ruhnkeuius
1217 1089 1252 1141 ad
1277 1087 1364 1141 Rutil.

190 1176 258 1249 Lup.
278 1197 306 1248 p.
323 1184 371 1246 20,
391 1196 440 1233 uos
459 1179 495 1233 ad
515 1179 575 1234 Val.
596 1179 687 1234 ilaec.
708 1179 758 1232 Vll
781 1185 838 1233 127.
877 1177 1039 1232 aduerbium
1060 1178 1230 1232 hortatiuum
1251 1194 1315 1231 cum
1334 1178 1364 1231 ui

191 1268 353 1338 repetitum,
377 1270 409 1322 ut
431 1267 562 1322 similiter
586 1269 646 1322 Ter.
667 1269 751 1321 Andr.
773 1268 795 1321 ll
823 1274 851 1334 1,
875 1276 912 1321 10.
957 1248 1057 1320 ‘ferox’
1084 1266 1181 1321 malim
1205 1284 1268 1321 cnm
1294 1266 1362 1321 ‘fac'

191 1357 306 1427 iungere
332 1356 379 1424 (cf.
397 1358 443 1425 83)
470 1374 554 1424 quam
579 1362 611 1410 ut
635 1356 795 1411 uocatiuunr
820 1355 856 1409 ad
878 1358 968 1409 totam
993 1355 1161 1411 senteutiam
1185 1355 1301 1423 referre3
1328 1359 1363 1411 ct'.

191 1444 270 1501 Lucr.
291 1445 329 1498 lV
349 1452 408 1501 717.
447 1447 569 1499 ceterum
589 1445 667 1499 nulla
685 1461 770 1498 causa
788 1449 842 1512 est,
862 1461 910 1497 our
928 1444 974 1498 hic
994 1446 1023 1498 et
1042 1451 1074 1498 79
1095 1448 1124 1498 et
1141 1451 1176 1498 82
1192 1444 1276 1499 ‘saco’
1294 1444 1361 1499 scri-

189 1534 259 1588 bant
282 1532 326 1603 (cf.
352 1533 386 1587 ad
411 1535 456 1602 79)
480 1535 579 1589 contra
605 1533 641 1600 v;
665 1551 730 1586 nam
754 1534 812 1588 alia
834 1538 878 1587 est
901 1552 945 1587 res
969 1532 1084 1586 XXXVI
1107 1540 1147 1588 16.
1184 1532 1300 1589 lacunas
1323 1535 1364 1589 ius

189 1621 369 1692 supplebant,
393 1626 424 1676 ut
444 1622 568 1691 Scaliger
589 1622 677 1677 ‘ferox
696 1622 718 1690 i,
743 1621 800 1675 fac‘
822 1625 1005 1692 proponeret,
1029 1623 1129 1677 deinde
1153 1622 1176 1677 is
1196 1623 1244 1690 qui
1263 1621 1364 1676 editio-

189 1729 252 1766 nem
277 1711 536 1781 Cantabrigiensem
561 1729 586 1764 a.
608 1716 676 1765 1702
704 1712 815 1765 curauit
841 1709 869 1765 in
895 1712 948 1764 line
971 1727 1067 1764 uersus
1092 1711 1209 1764 adderet
1235 1711 1363 1780 ‘agiam

190 1790 291 1868 quibus
311 1805 354 1870 (ut
372 1801 429 1855 alia
443 1799 565 1868 mittam)
585 1799 705 1855 accessit
725 1800 838 1855 Pohlius
858 1799 946 1870 [lectt.
964 1818 991 1870 p.
1007 1800 1054 1870 53]
1075 1799 1096 1853 ‘i
1111 1800 1155 1853 lac
1170 1803 1202 1854 ut
1216 1799 1274 1854 icat
1287 1800 1363 1854 hunc

187 1888 276 1943 furor’
302 1906 467 1959 proponens.
506 1889 553 1942 sed
578 1889 651 1943 ratio
670 1889 854 1958 diplomatica
873 1889 986 1958 suadet,
1012 1893 1044 1943 ut
1066 1890 1095 1943 iu
1116 1883 1170 1942 uno
1189 1888 1251 1944 loco
1275 1907 1364 1944 reme·

189 1978 265 2031 dium
285 1978 473 2033 cohibeamus.
512 1995 681 2047 quamquam
709 1995 743 2031 ea
766 1985 809 2031 est
827 1978 908 2032 huius
928 1978 982 2032 loci
1006 1978 1171 2048 deprecatio
1196 1979 1312 2045 misera,
1333 1983 1365 2032 ut

188 2084 239 2121 nec
263 2067 362 2122 ‘furor’
389 2065 575 2136 intellegatur
620 2083 686 2120 nam
709 2067 733 2119 si
758 2064 856 2120 ‘furor’
884 2068 928 2120 est
950 2068 1048 2120 mestis
1070 2066 1108 2119 ad
1130 2067 1223 2120 enimc
1247 2069 1365 2122 caedier

187 2153 254 2224 (Cic.
269 2155 349 2208 Tusc.
368 2154 444 2221 1115,
462 2156 514 2225 11),
533 2157 629 2224 potest
646 2155 695 2209 ille
714 2154 827 2224 quidem
846 2155 1041 2224 aliquomodo
1061 2173 1124 2208 cnm
1143 2152 1243 2209 timore
1263 2157 1362 2211 cobae-

188 2261 248 2299 rere
268 2244 312 2312 (cf.
333 2242 390 2299 Cic.
409 2244 427 2299 l.
447 2242 487 2314 l),
507 2243 555 2298 sad
573 2261 727 2313 numquam
752 2243 829 2298 furor
847 2243 887 2298 ibi
906 2245 1034 2313 ponitur,
1058 2243 1107 2298 nbi
1131 2243 1236 2297 diserta
1254 2245 1365 2303 timoris

189 2333 301 2389 notione
328 2339 372 2387 est
397 2350 475 2402 opus.
520 2334 593 2387 ultro
619 2338 716 2403 postea
741 2352 766 2387 u.
787 2338 821 2387 87
848 2333 995 2386 ‘demens’
1024 2332 1169 2386 referimus
1195 2333 1230 2386 ad
1257 2339 1364 2389 metum

189 2440 342 2491 summum,
361 2440 414 2477 non
436 2425 503 2477 item
523 2423 569 2476 bic
588 2423 723 2488 furorem,
743 2441 805 2477 cum
822 2420 987 2491 praesertim
1002 2421 1104 2491 ubique
1123 2424 1152 2476 in
1167 2423 1221 2478 hoc
1239 2425 1364 2479 carmine

188 2516 225 2581 (1,
241 2519 283 2580 31,
299 2518 341 2581 38,
357 2518 400 2580 54,
418 2514 463 2581 92)
480 2529 513 2565 ea
526 2527 595 2565 uoce
609 2512 771 2580 desigmetur
786 2512 872 2565 animi
886 2510 984 2565 diuina
997 2511 1158 2578 concitatio,
1178 2512 1270 2579 qualis
1283 2529 1365 2568 sacra

189 2602 310 2656 numinis
334 2601 492 2655 reuerentia
516 2605 600 2670 atque
625 2601 739 2656 horrore
766 2605 930 2670 procreatur
952 2600 980 2654 in
1005 2601 1205 2656 sacerdotibus.
1243 2602 1292 2656 sed
1317 2603 1363 2656 bic

188 2690 264 2745 furor
291 2691 431 2758 quomodo
461 2707 478 2742 a
502 2691 581 2743 leone
610 2689 638 2742 in
662 2689 830 2745 desertorem
857 2689 973 2744 inmisso
998 2690 1133 2745 incutitur
1156 2690 1265 2744 Attidi?
1308 2709 1363 2746 non

187 2783 279 2835 furore
299 2781 358 2849 (qui
378 2786 489 2849 postea,
508 2777 625 2832 adsueto
645 2779 745 2833 iterum
766 2778 895 2846 seruitio,
920 2779 994 2833 ultro
1015 2781 1142 2848 redibit),
1165 2780 1213 2834 sed
1234 2785 1311 2835 metu
1330 2798 1363 2834 ac

188 2887 292 2939 pauore
316 2869 396 2922 Rhea
425 2869 558 2937 perfidum
589 2868 747 2922 ministrum
777 2866 805 2921 in
829 2871 1000 2937 potestatem
1029 2884 1107 2920 suam
1136 2872 1179 2923 est
1206 2871 1362 2925 redactura.

189 2958 320 3012 uidentur
339 2958 407 3012 mibi
427 2956 535 3010 librarii
555 2957 656 3010 suroris
674 2957 777 3011 totiens
795 2960 861 3010 aute
880 2956 946 3011 lecti
967 2958 1038 3010 male
1053 2974 1190 3012 memores
1207 2957 1261 3013 boc
1280 2978 1363 3014 uoca-

189 3046 284 3100 bulum
305 3046 481 3101 substituisse
507 3046 533 3100 ei
558 3047 631 3114 quod
655 3047 699 3098 est
718 3045 840 3114 ‘pauor’.
879 3045 927 3113 qui
953 3047 984 3098 ut
1008 3046 1098 3100 aCic.
1120 3046 1200 3101 Tuae.
1221 3048 1256 3101 lV
1277 3054 1307 3116 8,
1329 3057 1361 3103 13

190 3136 321 3190 definitur
344 3141 427 3190 nreins
452 3141 561 3188 solennem
586 3137 642 3189 loco
668 3152 789 3201 rumicen,
815 3134 941 3204 adprime
965 3135 1020 3189 huc
1043 3135 1120 3190 iacit.
1158 3138 1223 3191 hinc
1241 3141 1363 3207 exempli

189 3226 282 3295 gratia
302 3232 376 3291 (nam
396 3225 465 3279 certi
484 3224 524 3277 nil
544 3223 687 3278 adfirmari
706 3227 810 3293 potest)
829 3224 867 3279 sic
888 3226 1017 3295 suppleo:
1046 3226 1135 3280 ‘ieron
1154 3227 1207 3294 iac,
1226 3227 1364 3296 percellet

83 3310 95 3333 ‘
189 3317 262 3369 huuc
278 3315 387 3384 pauor’.
416 3331 481 3367 nam
497 3313 550 3368 ‘ut'
568 3313 626 3367 niue
642 3329 675 3366 ex
689 3313 785 3382 glossa
801 3317 923 3368 ortumst
941 3315 998 3368 siue
1018 3314 1162 3383 relliquias
1181 3316 1259 3369 uocis
1277 3317 1361 3372 inter-

189 3406 283 3476 lapsae
303 3409 320 3474 (.
333 3407 390 3474 at)
409 3402 541 3458 continet.
559 3435 589 3442 -
608 3402 654 3457 73.
674 3403 722 3457 isc
741 3406 776 3457 ut
794 3403 910 3458 luroris
925 3404 1017 3458 letum
1032 3404 1163 3459 reditum
1182 3405 1205 3459 1.
1218 3420 1249 3458 n.
1270 3407 1361 3462 terat.

152 3554 177 3575 .·
188 3494 222 3549 ci.
234 3512 318 3565 supra
327 3499 370 3548 47.
389 3495 501 3563 pauoris
516 3492 683 3548 uocabulum
699 3494 877 3562 consequitur
888 3500 919 3547 ut
934 3493 978 3547 bic
991 3511 1102 3562 quoque
1112 3498 1270 3563 reponatur.
1292 3495 1360 3551 ‘iac’

168 3611 171 3617 ·
188 3602 250 3638 cum
266 3584 340 3653 apud
353 3584 443 3637 bonos
456 3591 555 3651 poetas
569 3599 679 3650 semper
692 3585 821 3651 correpta
836 3583 874 3636 ‘a'
893 3584 1003 3653 legatur
1017 3583 1282 3651 (Freundiuelabnii
1297 3601 1361 3639 aun.

191 3677 259 3728 183⁶
270 3692 296 3741 p.
308 3678 351 3739 61,
367 3670 541 3726 thuellerus
552 3672 577 3727 d.
590 3692 610 3725 ι.
621 3691 657 3725 m.
667 3691 694 3740 p.
706 3673 777 3742 343),
789 3670 895 3741 primus
910 3679 1004 3727 autem
1019 3691 1068 3742 pes
1083 3673 1214 3729 excludat
1227 3673 1363 3741 iambum,

189 3763 314 3832 Scaliger
330 3761 386 3816 ‘iac
400 3766 432 3815 ut
445 3760 531 3827 hino',
547 3762 672 3816 Muretus
685 3761 741 3815 ‘sac
755 3762 788 3814 ut
801 3761 868 3828 hic',
884 3761 996 3816 baalim.
1009 3762 1064 3816 ‘sac
1079 3763 1144 3833 uti‘,
1158 3763 1277 3832 Heysius
1287 3764 1362 3820 ‘face

188 3853 230 3906 tu'
256 3868 438 3921 proposuere,
461 3868 556 3904 omnes
579 3851 644 3904 dum
669 3851 811 3920 recipiunt
834 3850 994 3905 restitutum
1018 3853 1054 3906 ab
1078 3850 1159 3906 Italis
1184 3852 1276 3908 ‘ictu’.
1313 3856 1363 3910 sed

189 3941 272 3996 ‘ictus
292 3939 403 3994 furorin’
426 3957 522 3995 uereor
543 3943 574 3992 ut
593 3939 663 3993 satis
682 3940 848 3994 defendatur
867 3939 930 3995 loco
950 3940 1005 3995 cia
1025 3940 1080 4011 leg.
1100 3959 1159 4012 agr.
1179 3943 1247 4010 11³,
1267 3948 1283 3997 8
1303 3946 1361 4000 ieta

188 4031 281 4099 aiiqw
300 4047 389 4084 noane
408 4030 587 4094 aeternitatis,
608 4045 697 4097 neque
716 4028 812 4096 uideo,
832 4029 881 4099 qui
895 4029 987 4098 possit
999 4029 1099 4083 adesse
1114 4030 1220 4086 mentio
1235 4031 1359 4101 flagello·

187 4136 262 4186 rum,
283 4117 384 4185 quibus
400 4116 474 4171 Galli
494 4117 690 4183 caedebantur,
711 4119 848 4174 accersita
866 4120 902 4173 ab
920 4118 1048 4185 AStatio,
1066 4120 1115 4187 qui
1133 4138 1176 4189 cp.
1196 4119 1270 4176 Plut.
1290 4119 1360 4177 lior,

187 4224 213 4275 p.
236 4213 303 4261 1127
329 4207 356 4261 C.
385 4207 495 4260 uidetur
516 4206 604 4276 igitur
632 4205 701 4259 mihi
726 4207 845 4262 ‘ictum‘
872 4207 948 4262 mala
975 4207 1092 4262 uoculae
1115 4209 1288 4277 insequentis
1311 4210 1360 4265 ad·

188 4294 359 4350 similatione
374 4298 470 4351 natum
484 4313 542 4350 esne
553 4313 585 4349 ex
598 4294 693 4349 ‘ictus’
707 4295 864 4365 participio,
876 4297 903 4349 h.
914 4313 938 4352 e.
953 4294 1096 4366 perculsus
1110 4295 1170 4349 siue
1185 4297 1360 4365 stimulatum

188 4384 221 4438 cs.
242 4384 302 4437 liu.
322 4385 334 4437 l
356 4392 401 4453 13,
421 4393 436 4438 2
457 4386 544 4453 mites
564 4427 587 4439 ..
607 4386 682 4439 uelut
700 4387 827 4441 orbitatic
848 4389 920 4439 sidu
943 4386 998 4441 ieta
1020 4386 1050 4438 et
1070 4384 1091 4434 V
1113 4391 1158 4451 21,
1179 4390 1195 4439 7
1217 4389 1361 4454 maino
