2940 4912
606 334 890 394 eaounaoanm
1294 339 1338 404 55

141 508 225 579 talis,
237 507 355 584 qualia
370 510 449 568 sunt
462 504 547 566 xcss
562 508 581 566 2
597 497 647 588 (4)
661 507 826 580 dispeream
837 509 898 568 aiei
911 513 1004 582 aeae,
1024 508 1062 568 ob
1077 508 1201 568 eandem
1215 527 1336 569 causam

142 606 276 682 placent3
301 610 338 664 et
362 624 495 682 prorsus
515 604 710 682 singulariter
731 606 846 682 legitur
862 606 1024 667 Lxxvls
1049 608 1180 679 cleopae
1202 609 1337 681 sectoque

142 710 220 773 aas,
247 723 448 782 quamquam
479 703 522 763 ibi
548 703 790 779 monosyllabum
823 723 859 764 ex
887 704 992 764 enclisi
1019 705 1209 782 aliquatenus
1236 705 1336 765 defen·

143 804 231 863 ditur.
265 802 374 862 multo
397 802 500 862 minus
523 800 674 878 expectari
696 800 787 862 debet
810 821 830 862 a
848 801 980 878 Catullo,
1005 806 1039 862 ut
1061 802 1226 880 elegiarum
1250 796 1336 884 (nam

143 903 172 961 ia
191 902 437 979 epigrammatis
460 901 542 961 altro
565 919 668 961 sumus
687 893 897 980 patientiores)
921 900 1052 961 disticha
1074 904 1140 960 arte
1163 900 1217 959 illa
1239 920 1335 977 paene

143 1001 260 1073 dicim,
282 1019 351 1076 qua
373 1000 444 1059 aeni
463 1000 615 1076 Augustei
638 1004 737 1077 uatee,
760 1000 806 1060 ita
823 1000 1071 1076 conformauerit,
1095 1002 1130 1058 nt
1147 1001 1333 1075 unumquod-

144 1119 200 1177 que
221 1099 319 1176 quasi
343 1098 499 1174 quoddam
523 1097 690 1158 aedificium
708 1097 741 1156 in
764 1117 796 1158 se
818 1099 985 1175 perfectum
1008 1101 1215 1159 consummata
1233 1099 1334 1175 singu·

144 1200 241 1258 hum
265 1196 411 1273 partium
432 1195 511 1255 bene
538 1197 767 1271 congruentium
790 1197 968 1279 symmetria
995 1196 1152 1272 splendeat
1177 1198 1333 1273 nequeas

144 1298 239 1357 altero
269 1293 425 1372 pendeat3
452 1293 490 1353 ci.
518 1291 724 1371 OFGruppius
752 1295 821 1355 libri
851 1290 915 1354 ‘die
943 1313 1034 1354 roem.
1062 1287 1183 1370 Elagie’
1211 1315 1239 1370 p.
1259 1297 1333 1371 346,

146 1394 348 1455 ffiehnerua
372 1391 405 1449 in
427 1394 653 1467 programmate
675 1391 822 1454 Gnesensi
845 1413 871 1454 a
893 1393 987 1454 1875.

232 1490 296 1551 III.
310 1489 455 1549 trimeter
464 1507 558 1564 purus
569 1486 636 1566 HV,
646 1487 758 1568 XXIX]
768 1510 786 1551 a
796 1492 968 1552 cantoribus
979 1490 1180 1566 Euphorionis
1189 1496 1332 1551 nouatus:

538 1593 948 1645 υιυιυιυλυιυρ

145 1707 271 1749 ωτι
294 1687 401 1746 locum
424 1684 519 1743 habet
539 1688 608 1760 post
630 1686 730 1747 thesin
753 1688 818 1747 sisse
841 1687 963 1748 tertiam
982 1686 1046 1746 siue
1065 1689 1204 1763 quartam
1223 1680 1330 1766 (inter-

146 1787 214 1846 durn
236 1789 315 1863 post
338 1787 503 1858 utramque
525 1774 638 1864 simm).
675 1790 777 1845 errant
800 1787 851 1862 qui
869 1785 967 1844 XXIX
988 1788 1006 1845 3
1030 1789 1160 1846 metrum
1182 1786 1329 1846 uiolatum

146 1904 208 1945 csse
230 1885 354 1961 mant
374 1900 430 1958 per
452 1881 618 1957 spondeum
641 1875 693 1961 (cf.
716 1884 760 1944 ibi
782 1876 911 1963 comm).

231 1981 291 2042 IV.
314 1981 459 2042 trimeter
480 1979 689 2041 Archilochia
713 1979 812 2058 [LII]:

527 2083 956 2149 ῦιυιῡΙιυιῡιυέ

232 2179 273 2239 V.
302 2178 447 2238 trimeter
470 2174 695 2250 Hipponacteos
722 2178 787 2238 siue
815 2177 939 2239 claudm
968 2170 1180 2258 (choliambus,
1209 2180 1327 2262 scazon)

148 2278 212 2338 inde
234 2298 256 2337 a
280 2275 400 2336 Laenio
424 2277 456 2335 et
479 2272 532 2333 Cn.
552 2273 645 2334 Matio
667 2275 826 2336 familiaris
850 2276 1004 2351 Romanis,
1031 2297 1128 2353 neque
1154 2282 1273 2337 tantum
1297 2281 1327 2340 iu

149 2376 336 2436 carminibus
350 2371 506 2432 maledicis
520 2370 673 2434 adhibitus
689 2370 786 2449 [VIII
801 2374 896 2451 XXII,
910 2375 1018 2452 XXXI,
1032 2375 1181 2449 XXXVII,
1192 2376 1326 2452 XXXIX,

149 2473 251 2548 XLIV,
274 2471 364 2547 LIX,
386 2466 468 2547 LX]:

469 2571 1005 2625 amomis-rdwnomeorA

149 2698 226 2739 uses
247 2677 371 2738 solutas
389 2674 484 2735 habes
502 2674 587 2734 XXII
608 2677 662 2751 19,
680 2673 823 2734 XXXVII
843 2677 876 2754 5,
894 2676 964 2735 LIX
984 2679 1012 2736 3.
1044 2695 1185 2738 caesurae
1204 2681 1326 2741 eaedem

150 2792 233 2856 atque
258 2779 293 2837 in
316 2775 458 2835 trimetro
482 2794 565 2850 puro.
1279 2832 1283 2838 .

234 2876 291 2936 VI.
315 2877 495 2935 tetrameter
516 2871 661 2932 iambicus
690 2872 880 2932 catalecticus
910 2873 974 2933 siue
1003 2892 1109 2933 uersus
1134 2877 1325 2951 septenarius

152 2973 274 3051 aaa:

472 3051 1007 3119 venroso-'florerem

152 3174 180 3222 ut
197 3163 293 3240 prisci
313 3159 442 3220 scaenici
462 3153 584 3239 (quibus
599 3159 694 3222 multo
713 3162 760 3217 est
778 3150 935 3240 seuerior),
955 3157 1091 3218 Catullus
1111 3179 1229 3236 quoque
1247 3162 1326 3221 huno

151 3280 270 3322 uersum
295 3262 454 3335 tamqnam
478 3276 514 3316 er
537 3256 652 3316 duobus
677 3257 763 3331 colis,
786 3275 893 3332 nempe
917 3257 1052 3317 dimetria
1071 3257 1207 3318 iambicis
1226 3263 1325 3317 acata-

151 3361 251 3419 lectico
278 3363 310 3416 et
335 3356 521 3428 catalectico,
544 3358 730 3414 constantem
753 3355 798 3412 ita
820 3356 970 3429 adhibuIt,
999 3360 1033 3415 ut
1056 3360 1182 3433 quartus
1206 3375 1259 3431 pes
1283 3358 1324 3414 in-

151 3460 261 3517 cideret
285 3455 317 3514 in
343 3453 482 3512 uocabuli
505 3453 602 3512 finem.
643 3453 721 3511 unde
744 3471 804 3511 non
827 3452 864 3511 de
887 3472 1023 3527 caesura,
1048 3455 1100 3512 sed
1124 3454 1160 3512 de
1183 3454 1325 3512 incisione

151 3559 193 3615 uel
217 3572 318 3632 musa
342 3552 424 3628 loqui
447 3555 590 3627 praestat.

234 3651 305 3711 VII.
323 3668 430 3710 uersus
440 3649 616 3709 Phalaecius
631 3649 695 3709 siue
710 3649 977 3726 hendecasyllabue
992 3668 1010 3708 a
1024 3644 1196 3709 cantoribus
1207 3651 1326 3727 Eupho·

152 3754 237 3812 acuis
252 3750 386 3810 donatus
397 3747 507 3806 litteris
522 3747 633 3822 latinis,
648 3765 725 3823 quae
739 3747 898 3805 admodum
914 3766 948 3806 eo
961 3746 1188 3807 delectabantur
1200 3744 1325 3824 [passim

150 3849 343 3926 mplurimia
365 3845 546 3905 carminibus
569 3843 704 3921 obuius]:

559 3948 917 3998 ἐνιωιυιυιῦ

150 4048 182 4105 ds
204 4047 305 4124 primo
330 4043 405 4119 pede
429 4047 491 4101 tam
515 4041 613 4101 iambo
637 4045 668 4102 et
685 4042 827 4100 trochaeo
847 4059 936 4116 quam
956 4041 1086 4117 spondeo
1105 4043 1141 4100 cf.
1161 4062 1264 4102 comm.
1285 4044 1322 4101 ad

152 4154 233 4205 torn.
254 4147 285 4204 «t.
321 4159 447 4201 caesura
465 4143 641 4215 plerumque
661 4144 729 4214 post
751 4141 833 4197 arsin
856 4141 990 4214 tertiam,
1014 4158 1103 4215 saepe
1127 4145 1196 4214 post
1220 4160 1322 4198 secuu-

151 4244 229 4315 cm,
259 4241 413 4301 interdum
441 4243 510 4313 post
537 4241 675 4313 quartam
704 4228 810 4316 (etiam
839 4237 892 4295 has
921 4241 1063 4313 utrasque
1087 4232 1205 4315 simul),
1234 4240 1269 4297 ci.
1294 4243 1324 4297 et

151 4362 253 4401 mmm.
271 4339 312 4398 ad
331 4336 416 4396 XLII
434 4340 462 4396 2.
483 4367 522 4377 -
544 4336 580 4395 de
594 4354 618 4395 c.
634 4336 696 4411 LV,
711 4336 763 4395 ubi
778 4339 825 4394 sat
840 4335 986 4413 singulari
1002 4335 1117 4394 ratione
1133 4354 1188 4411 pro
1203 4337 1323 4413 dactylo

152 4440 288 4501 senibus
311 4437 376 4496 Iera
398 4435 525 4496 alternis
548 4435 665 4512 positus
689 4438 736 4495 est
758 4435 922 4510 spondeus,
945 4434 1014 4493 uide
1037 4437 1293 4496 commentarium.
