2940 4912
589 313 678 369 LXIII
696 319 810 369 §so-aa.
1221 314 1288 379 343

110 491 217 542 mae,
240 476 311 530 Stat.
330 474 389 530 silu.
409 475 469 543 12,
489 482 524 530 26
547 475 646 532 cedaat
668 491 802 544 caraeque
823 480 968 544 nactasque.
1005 474 1081 544 quod
1104 492 1160 544 quo
1183 474 1289 530 certius

111 563 231 632 efficiat,
250 563 325 619 Attis
340 564 471 635 depingit
489 562 629 619 coloribus
645 563 829 619 uiuidissimis
846 564 910 619 loca
923 563 1061 618 metanda
1076 593 1110 605 -
1124 564 1174 621 20.
1192 565 1289 635 Phry·

112 655 193 722 310111
211 655 249 710 sd
268 654 388 710 domum
408 653 563 726 Cybelles,
583 653 718 722 Phrygia
736 652 774 708 ad
792 667 918 708 nemora
934 652 1019 710 deae.
1047 653 1130 724 graui
1148 671 1212 709 cum
1229 655 1289 711 ictu
1393 659 1395 664 “

112 744 234 814 repetita
248 743 388 814 Phrygiae
406 744 498 799 notio:
518 742 654 811 quidquid
673 742 749 812 apud
767 745 867 813 gentes
881 742 1042 797 adiacentes
1056 742 1168 812 colitur,
1186 741 1289 812 cybele

113 836 158 888 est
175 833 230 888 dea
243 832 375 903 Phrygia,
395 832 473 886 euius
492 830 548 886 iam
566 831 709 902 propriam
729 832 823 886 sedem
837 831 1014 901 patriamque
1033 833 1063 887 et
1080 831 1167 887 siluas
1186 848 1289 902 sacrm,

114 919 200 988 Idam,
219 920 311 975 cultus
329 920 501 975 incunabula
518 923 603 989 atque
623 920 760 990 originem
775 921 874 987 omnis,
893 920 982 975 uisuri
999 921 1065 975 snut
1077 920 1184 976 Attidis
1202 919 1289 977 comi·

112 1013 162 1064 tes.
202 1010 303 1078 quodsi
327 1010 473 1065 ‘domum’
499 1009 529 1063 iu
552 1009 712 1064 uniuersum
737 1009 854 1065 denotat
878 1010 973 1065 sedem
996 1025 1015 1062 a
1037 1009 1142 1079 Cybele
1165 1010 1287 1066 maxime

112 1100 217 1154 cultam
238 1098 381 1167 (similiter
400 1098 480 1153 Ouid.
496 1099 561 1153 fast.
577 1099 614 1152 lV
630 1104 680 1153 421
701 1097 847 1153 Trinacria
864 1099 945 1153 audit
961 1104 1044 1168 orata
1061 1101 1157 1154 11001142
1176 1099 1288 1170 Cerere),

112 1188 181 1243 heco
199 1188 258 1242 iam
276 1188 435 1243 accuratius
459 1187 591 1243 definitur
617 1188 669 1244 illo
689 1187 836 1243 ‘nemora'.
873 1204 924 1257 per
948 1188 1067 1259 simplex
1092 1188 1163 1244 illud
1183 1189 1287 1257 ‘deae'‚

112 1278 185 1345 quod
205 1278 296 1332 solum
315 1278 392 1332 nullo
411 1279 539 1347 tempore
557 1295 690 1347 magnam
710 1280 829 1332 matrem
845 1277 1028 1347 significauit,
1047 1280 1123 1333 recte
1143 1278 1287 1349 designari

113 1367 247 1436 Cybelen,
267 1366 344 1421 credi
363 1383 431 1421 sane
449 1366 558 1435 nequit:
585 1384 652 1422 nere
676 1368 721 1421 hie
744 1384 855 1437 quoque
874 1366 1049 1422 hMusllerus
1069 1367 1188 1423 ‘Rheae'
1208 1385 1287 1439 repo·

113 1473 182 1511 nens
201 1455 344 1511 consuluit
362 1454 546 1512 concinnitati
564 1455 610 1523 (cl.
629 1457 666 1510 ad
685 1474 710 1513 u.
732 1459 784 1527 16).
809 1487 841 1496 -
869 1455 1176 1526 2116101111)οω
1200 1460 1289 1514 sonat

109 1560 185 1618 uox,
205 1544 257 1600 ubl
276 1547 419 1614 tympana
437 1544 575 1600 reboant.
612 1545 742 1613 cymbala
760 1546 860 1614 l‘aera’
882 1561 967 1615 saepe
984 1549 1088 1601 uocant
1106 1550 1218 1617 poetae)
1239 1548 1285 1604 de·

109 1634 223 1704 scripsit
241 1634 358 1689 Richius
384 1634 449 1703 (lex.
468 1635 575 1703 antiqq.
595 1653 617 1689 s.
637 1638 683 1703 u.).
721 1633 886 1704 genetiuum
908 1635 1047 1704 pluralem
1066 1634 1119 1705 (sio
1137 1635 1207 1691 alibi
1225 1637 1286 1694 Cat

112 1725 227 1791 hirom,
247 1724 427 1790 caelicolum,
447 1724 566 1792 diuum’,
585 1723 657 1791 sim.)
670 1724 768 1793 utique
787 1739 974 1793 agnoscamus
992 1726 1106 1794 oportet
1124 1727 1153 1780 et
1171 1729 1287 1796 propter

110 1815 270 1884 oppositum
286 1813 444 1883 ‘tympana’
467 1816 496 1868 et
513 1815 645 1868 monente
665 1830 694 1867 rc
713 1811 786 1882 ipsa,
805 1813 873 1868 lieet
891 1813 919 1867 in
939 1814 992 1869 hac
1010 1831 1080 1869 uoce
1097 1814 1204 1869 formae
1223 1814 1285 1870 bre·

111 1902 195 1958 uioris
213 1902 334 1959 alterum
352 1921 407 1958 non
427 1903 504 1958 extet
527 1903 686 1971 exemplum
705 1918 758 1957 neo
782 1902 874 1957 simile
894 1902 1048 1971 quidquam
1067 1902 1141 1957 iuter
1160 1919 1195 1958 ea
1213 1921 1286 1972 quae

110 1993 216 2047 Neuius
235 1992 261 2048 d.
281 1992 300 2046 f.
320 1993 338 2047 Ι.
358 1993 379 2046 1·
395 2011 421 2061 p.
442 1998 493 2046 103
508 2009 569 2060 sqq.
589 1992 732 2059 congessit
749 1991 918 2046 inueniatur.
954 2009 1019 2046 nam
1040 1992 1116 2046 ‘uox‘
1138 1992 1172 2046 de
1191 1993 1286 2049 sonitu

109 2083 139 2135 et
155 2083 288 2151 clangore
307 2080 425 2136 adhibet
443 2098 484 2136 ex.
500 2099 541 2149 gr.
561 2081 645 2150 Verg.
661 2079 728 2134 Aen.
748 2080 852 2135 111666
872 2081 910 2136 ad
927 2082 1047 2135 sonitum
1065 2084 1141 2136 acas
1160 2084 1189 2136 et
1202 2080 1285 2138 Ouid.

109 2175 174 2225 met.
195 2172 205 2224 l
225 2177 278 2225 338
297 2172 400 2225 bacina
419 2213 442 2224 ..
462 2172 546 2224 litora
564 2187 629 2224 uoce
646 2171 731 2238 replet
749 2169 900 2238 (Obbarius
919 2171 954 2224 ad
973 2171 1038 2226 Hor.
1054 2170 1135 2241 epist.
1151 2171 1163 2223 l
1185 2178 1209 2238 1,
1229 2173 1284 2240 34).

109 2261 215 2329 placuit
239 2258 382 2314 nonnullis
408 2258 474 2312 ltali
500 2258 645 2313 cuiusdam
672 2258 834 2312 coniectura
860 2259 896 2313 ab
922 2259 1040 2314 AStatio
1066 2264 1287 2316 commemorata

110 2350 196 2404 ‘nox’.
234 2348 284 2404 sed
308 2365 397 2418 neque
418 2349 484 2405 ‘nox
507 2354 590 2404 sonet
613 2348 789 2418 tympanum’
811 2364 845 2401 ex
864 2347 1027 2417 Vergiliano
1051 2349 1117 2404 ‘uox
1141 2348 1285 2404 hominem

108 2438 384 2493 consotabuntur
406 2439 465 2493 ullo
488 2438 573 2493 modo
598 2454 688 2505 neque
712 2454 779 2491 uero
803 2437 899 2491 Rheae
922 2453 1002 2491 sacra
1028 2439 1106 2493 fuere
1134 2440 1284 2506 uootuma3

109 2545 171 2582 nam
192 2528 221 2582 in
241 2527 324 2582 unico
348 2527 422 2595 loco,
446 2528 495 2596 qui
518 2527 577 2581 tale
600 2526 709 2595 aliquid
732 2525 847 2580 innuere
870 2525 996 2594 uidetur,
1020 2525 1105 2582 Statii
1124 2525 1213 2583 Theb.
1233 2526 1285 2586 ΧΠ

109 2622 161 2671 224
178 2622 255 2672 aecta
272 2618 348 2671 uelat
369 2617 496 2686 Phrygia
518 2633 579 2670 cam
604 2618 754 2670 lamentata
777 2616 913 2669 resultant
930 2615 1088 2686 Biadyna,
1107 2633 1158 2687 pro
1177 2616 1283 2672 ‘nocte'

108 2705 239 2760 nimirum
264 2706 349 2760 ‘cote‘
376 2708 435 2759 siue
460 2707 565 2759 ‘caute’
591 2708 635 2760 est
658 2703 857 2774 reponendum.
898 2704 990 2773 siquid
1012 2705 1178 2761 mutandum
1202 2712 1284 2776 esset,

109 2811 293 2865 proponerem
314 2794 447 2862 ‘cymbali
463 2795 575 2849 insonat
589 2794 654 2849 uox‘
672 2794 716 2863 (de
736 2793 886 2863 singularis
905 2795 935 2847 et
952 2795 1070 2862 pluralis
1088 2795 1284 2851 uicissitudine

109 2885 143 2939 cl.
162 2889 216 2953 22).
254 2900 389 2953 perquam
408 2887 502 2938 autem
526 2886 595 2952 apta
617 2883 742 2952 imagine
763 2882 920 2951 ‘tympana’
941 2881 1001 2937 siue
1025 2885 1106 2953 terga
1124 2883 1208 2939 boum
1229 2885 1285 2940 dici

109 2973 248 3028 ‘reboare'
274 2973 392 3027 adnotat
417 2973 535 3041 Vulpius
562 2991 604 3042 op.
629 2972 732 3027 Auson.
755 2970 836 3041 epist.
857 2977 892 3025 24
916 2974 986 3039 (26),
1009 2978 1041 3026 21
1067 2975 1149 3029 tentis
1170 2976 1283 3031 reboant

108 3079 179 3117 coac
197 3069 331 3133 tympana
349 3063 488 3130 111911.-
508 3061 556 3115 22.
575 3059 690 3115 tlblccn
709 3060 762 3115 ubl
781 3059 865 3114 canit
883 3060 987 3129 Phryx
1006 3077 1102 3118 curuo
1122 3077 1216 3131 mne
1235 3080 1285 3120 os·

108 3152 197 3207 lano.
228 3150 365 3219 Phrygiae
385 3150 529 3219 adsignari
548 3150 636 3204 tibiae
650 3150 842 3204 incentionem
856 3152 955 3204 notum
969 3151 1026 3219 est;
1046 3150 1079 3206 cf.
1095 3169 1135 3207 ex.
1152 3172 1193 3223 gr.
1208 3153 1282 3209 Plut.

109 3241 143 3296 ds
162 3259 232 3295 mus.
252 3248 278 3308 6,
297 3239 379 3309 Apul.
398 3241 458 3295 flor.
478 3246 508 3306 3;
527 3240 705 3307 habebatque
724 3238 848 3310 Phrygia
866 3238 950 3305 tibia,
969 3256 1041 3308 quae
1060 3240 1158 3296 itidem
1178 3244 1285 3298 usitata

110 3330 139 3384 in
160 3329 278 3399 Cybeles
298 3330 382 3382 sacris
401 3329 478 3396 (Hor.
498 3329 541 3383 od.
562 3329 601 3382 lll
622 3335 666 3394 19,
688 3329 732 3398 18)
755 3328 911 3397 summique
935 3329 971 3384 ad
995 3331 1103 3385 mentes
1123 3329 1284 3388 excitandas

111 3419 245 3474 momenti
259 3420 322 3473 erat
335 3420 426 3487 (huot.
443 3420 544 3487 11620,
564 3418 657 3482 Quint.
675 3417 685 3469 l
702 3423 743 3485 10,
759 3424 802 3484 33,
823 3419 884 3473 Son.
899 3436 941 3487 ep.
958 3423 1072 3487 1061),
1090 3420 1144 3474 hoo
1163 3419 1217 3475 sibi
1236 3438 1283 3491 pe·

109 3509 227 3577 saliare,
246 3510 321 3577 quod
340 3508 465 3562 calamus
485 3509 519 3562 de
539 3510 613 3563 buxo
629 3508 719 3561 laetus
734 3508 819 3575 (uude
835 3508 961 3562 ‘buxum’
978 3510 1081 3563 uocant
1097 3511 1197 3577 poetae
1212 3509 1283 3563 hanc

108 3597 219 3665 tibiam)
239 3596 324 3651 desiit
342 3597 371 3651 in
390 3613 504 3651 cornum
520 3599 648 3652 curuata:
669 3598 703 3652 ci.
719 3597 781 3652 Tib.
799 3598 821 3651 ll
840 3604 863 3664 1,
878 3603 912 3653 86
931 3603 956 3651 et
973 3597 1097 3668 Ptryps'o
1111 3599 1182 3652 tibia
1195 3614 1284 3652 carseo

107 3703 185 3752 soso,
204 3687 274 3741 Aen.
295 3687 330 3739 Xl
351 3691 412 3751 737,
433 3687 503 3743 Stat.
522 3686 607 3740 'l'heb
623 3687 660 3740 Vl
682 3693 732 3741 116
751 3688 861 3756 agnam
880 3688 968 3740 laetae
987 3702 1074 3741 cerasa
1092 3702 1178 3754 praue
1195 3687 1283 3755 mugit

110 3777 216 3832 01111000
234 3777 317 3843 sitim
341 3775 441 3830 habuit
464 3776 538 3830 enim
557 3776 627 3831 haec
647 3776 718 3830 tibia
740 3777 794 3830 hoo
816 3775 879 3845 ipso
903 3792 987 3830 cornu
1007 3792 1105 3829 sonum
1124 3773 1283 3843 grauiorem

109 3867 217 3935 (11110110
232 3867 335 3921 canit’:
355 3866 519 3921 Kuebnerus
533 3884 574 3935 gr.
591 3867 608 3919 l.
626 3865 648 3918 ΙΙ
663 3884 688 3934 p.
704 3867 776 3933 211),
796 3864 845 3934 qni
864 3864 909 3919 bic
928 3864 1079 3934 opponitur
1098 3863 1188 3918 acutis
1207 3881 1282 3933 cym-
1299 3926 1313 3940 ,

109 3955 178 4010 belis
197 3956 396 4025 tympanisque
415 3955 460 4023 (cf.
481 3956 567 4009 LlllV
586 3962 636 4010 261
653 3957 734 4023 sqq).
768 3953 915 4023 sequentia
934 3953 1157 4022 saltationesque
1176 3953 1282 4007 discur-

112 4062 210 4113 susque
229 4045 266 4098 ad
285 4045 357 4099 hano
376 4044 570 4114 symphoniam
591 4044 679 4098 iactos
699 4043 862 4113 depingunt.
883 4075 915 4083 —
940 4042 988 4098 28.
1013 4041 1066 4097 ubl
1085 4041 1186 4111 capita
1204 4041 1283 4097 llae-

108 4132 197 4189 nsdes
223 4134 256 4188 ul
282 4134 398 4189 laolunt
422 4133 609 4201 ederlgerse.
650 4133 800 4188 Maenades
826 4149 895 4188 caue
921 4132 1043 4202 accipias
1070 4134 1151 4186 notas
1177 4129 1282 4185 Bacchi

108 4223 235 4290 comites,
259 4222 325 4278 licet
348 4223 393 4277 hic
418 4222 486 4276 deus
509 4239 543 4276 ex
562 4222 679 4290 Cybeles
702 4222 779 4277 cultu
803 4221 857 4276 sibi
881 4223 1001 4291 cognato
1028 4222 1060 4274 ut
1085 4219 1283 4290 symphoniam

113 4312 156 4377 (oi.
180 4312 267 4367 LXIV
292 4318 343 4366 261
359 4315 431 4381 sqq.)
457 4312 498 4366 ita
523 4311 688 4367 comitatum
714 4314 855 4380 (uenarum
879 4310 1009 4365 nimirum
1033 4309 1211 4378 feminarum)
1234 4311 1283 4366 ad·

116 4401 264 4473 sumpsisse
290 4402 382 4472 possit
406 4402 514 4473 putari;
540 4401 574 4456 of.
598 4400 728 4471 Apollod.
753 4401 792 4454 Ill
815 4407 844 4468 o,
865 4407 888 4454 1.
929 4398 1015 4456 immo
1041 4399 1117 4455 Galli
1141 4399 1285 4456 furibundi
