2940 4912
148 293 198 347 xll
627 289 843 346 PRAEFATIO.

153 466 297 539 poterunt
325 462 471 538 1·epe1ire;
503 481 598 538 neque
626 461 704 519 enini
732 460 764 518 in
790 459 837 519 his
865 460 954 519 rebus
984 460 1186 536 grammaticis
1215 461 1325 536 ubique

148 561 262 620 diutius
292 561 457 621 conmorari
485 559 624 636 perinisit
653 560 758 635 ingens
789 578 865 634 «quae
898 563 1057 634 praetcrea
1088 558 1246 633 interpreti
1274 560 1324 617 ad-

149 664 197 719 est
219 659 354 719 materia.
392 676 461 717 nam
484 676 544 717 non
567 658 711 717 minorem
729 676 832 716 curam
851 659 910 718 sibi
929 657 1081 735 llagitauit
1101 657 1190 715 dictio
1211 658 1323 715 Catulli

148 758 310 816 seeundum
334 757 506 815 uniuersam
529 756 711 815 latinitatem
739 758 913 833 ceterosque
936 761 1041 832 poetas
1066 755 1214 815 Romanos
1238 774 1320 813 aceu-

147 859 212 915 rate
233 855 406 932 exponenda
424 856 455 913 et
473 853 664 914 inlustranda
682 855 769 931 larga
788 856 988 931 exemplorum
1008 846 1186 935 (electorum
1207 846 1322 935 tamon)

148 954 245 1029 eopia;
278 954 307 1011 in
335 971 394 1028 qua
420 951 585 1027 promenda
613 971 647 1011 eo
675 953 773 1011 minus
802 972 883 1012 eram
912 973 1034 1030 parcus,
1065 971 1123 1028 qno
1152 953 1248 1027 magis
1277 958 1323 1011 est

147 1070 238 1127 aegre
270 1051 438 1126 ferendum,
471 1051 554 1110 abire
586 1052 617 1109 in
645 1050 708 1110 dies
737 1052 833 1127 magis
863 1052 977 1111 lautam
1006 1051 1088 1109 illam
1116 1049 1257 1109 scientiae
1286 1070 1321 1108 ex

148 1149 270 1211 assidua
292 1150 420 1209 lectione
443 1149 559 1225 petitae
588 1149 772 1225 opulentiam
800 1154 920 1224 patrum
948 1168 1134 1224 suorumque
1161 1149 1322 1224 propriam,

147 1267 265 1324 quoque
289 1249 384 1325 magis
407 1248 493 1308 nobis
518 1251 565 1307 ast
588 1266 780 1325 persuasum,
804 1248 1041 1307 adulescentium
1064 1249 1180 1306 mentes
1200 1247 1238 1304 ad
1257 1265 1321 1321 per-

146 1346 283 1421 cipienda
304 1347 424 1421 penitus
449 1350 586 1406 ueterum
609 1364 698 1405 sensa
721 1346 915 1421 lorprelasque
939 1346 986 1403 his
1011 1344 1154 1419 exemplis
1179 1362 1238 1404 non
1261 1364 1321 1403 rua-

149 1444 230 1519 ligne
254 1444 451 1519 suppeditatis
475 1443 585 1502 nutriri
608 1448 699 1519 atque
722 1443 855 1502 educari.
893 1447 1049 1519 praeterea
1072 1443 1102 1500 in
1125 1443 1181 1501 bae
1204 1462 1321 1518 quoque

148 1544 235 1616 parte
267 1541 306 1616 is,
339 1543 390 1617 qui
423 1530 611 1618 superiorum
643 1541 797 1601 doctorum
828 1540 1090 1600 commentationes
1122 1541 1320 1616 pertrectauit

148 1640 372 1716 multorumque
401 1660 535 1699 errorum
566 1659 670 1700 causas
703 1640 893 1715 originesque
925 1642 1098 1714 perspectas
1127 1639 1230 1713 habet,
1263 1639 1319 1696 scit

147 1756 235 1813 qnam
264 1739 352 1797 facile
380 1739 458 1798 haud
488 1758 556 1799 1111
583 1739 778 1815 pauculorum
807 1739 967 1797 uerborum
991 1737 1216 1808 additamentis,
1244 1756 1319 1810 qrurc

149 1854 209 1895 non
233 1840 362 1913 possunt
384 1857 443 1897 non
467 1837 617 1914 superflua
644 1836 740 1895 uideri
768 1836 815 1894 bie
843 1836 904 1895 illie
933 1836 1030 1895 obiter
1052 1834 1266 1908 iudicantibus,
1290 1835 1320 1891 in

147 1938 266 2010 tempus
290 1935 426 1995 futurum
450 1940 592 1996 11111111
616 1934 777 1994 eorundem
796 1953 929 1993 11111111
949 1934 1077 1992 iteratio.
1116 1934 1168 1991 sod
1187 1933 1226 1991 ad
1244 1933 1319 1991 11111

145 2032 424 2107 interpretationem
448 2035 477 2092 11
502 2054 535 2094 11
557 2033 754 2111 grammatica
777 2038 807 2091 et
835 2032 987 2092 latinitate
1011 2034 1182 2091 uersantem
1205 2032 1319 2091 aceedit

146 2149 194 2204 aa,
221 2148 311 2205 quam
339 2133 540 2209 antiquariam
571 2135 657 2208 potes
686 2148 793 2191 uocare
820 2134 924 2205 utpote
957 2131 996 2189 ad
1023 2149 1071 2189 res
1100 2129 1318 2188 diuersissimas

145 2228 227 2287 uitae
251 2231 283 2288 et
305 2230 404 2289 cultus
428 2250 603 2307 morumque
627 2228 817 2304 antiquorum
842 2228 1025 2288 enarrandas
1049 2231 1249 2305 spectantem,
1272 2248 1320 2288 ac-

145 2325 225 2386 cedit
247 2345 336 2403 porro
360 2346 408 2403 ea,
436 2347 526 2404 quam
554 2327 726 2387 historicam
754 2326 906 2402 appellare
935 2328 1015 2386 soleo
1044 2327 1154 2402 quippe
1183 2331 1319 2386 constan·

144 2427 207 2484 tem
229 2444 297 2484 cum
320 2426 350 2484 in
374 2444 473 2485 rerum
501 2430 655 2502 gestarum
684 2429 748 2484 tum
772 2425 802 2483 in
831 2441 1025 2497 personarum
1049 2428 1155 2501 poetae
1183 2429 1318 2501 tempore

146 2522 314 2583 uiuentium
337 2527 461 2583 strenua
484 2525 548 2583 siue
572 2523 769 2599 explicatione
787 2523 852 2582 siue
870 2523 1076 2599 indagatioue3
1101 2524 1215 2584 aceedit
1237 2526 1320 2584 ‹leni-

145 2639 203 2696 que
227 2639 275 2695 11,
298 2639 388 2698 qnam
407 2623 553 2699 poeticam
577 2623 647 2682 11111
670 2640 776 2681 uocare
796 2640 901 2696 nempe
925 2622 1054 2698 positam
1078 2623 1108 2681 in
1132 2623 1318 2700 singulorum

145 2735 286 2777 sensuum
310 2719 341 2777 ui
364 2737 398 2779 ae
421 2722 572 2796 potestate
595 2724 627 2778 11
649 2719 680 2777 in
704 2720 920 2778 sententiarum
944 2720 1024 2779 inter
1048 2740 1079 2780 se
1099 2740 1209 2780 conexu
1234 2730 1265 2781 et
1288 2724 1319 2781 in

144 2818 278 2875 totorum
301 2819 465 2877 carminum
492 2817 705 2894 compositione
734 2818 942 2893 similibusque
970 2818 1209 2878 demonstrandis
1234 2825 1264 2879 et
1288 2821 1318 2877 iu

145 2914 253 2976 indicio
276 2917 407 2976 terendo.
453 2921 485 2977 et
512 2918 568 2976 hae
595 2920 737 2991 quattuor
764 2915 1019 2989 interpretationis
1048 2920 1150 2990 partes
1174 2918 1216 2973 ita
1239 2918 1318 2975 inter

144 3032 178 3074 se
201 3012 368 3075 miscendae
396 3015 656 3092 conciliandaeque
684 3016 767 3088 sunt,
796 3015 829 3070 ut
853 3011 986 3086 singulas
1018 3032 1071 3071 nec
1094 3014 1240 3089 neglegas
1264 3034 1318 3073 nec

147 3113 256 3172 ceteris
274 3130 451 3189 praeponas,
470 3114 522 3173 sed
537 3114 646 3174 bonum
662 3130 765 3171 aarum
780 3108 891 3169 efficias
911 3112 1093 3168 1111111111.
1127 3132 1203 3186 qum¹
1219 3118 1318 3170 tamon

147 3228 197 3270 res
226 3211 309 3269 ultro
336 3211 449 3289 coegit,
477 3216 512 3270 ut-
539 3210 689 3271 interdum
718 3208 838 3267 breuior
865 3225 974 3283 essam3
1003 3207 1097 3266 1111111
1125 3208 1154 3266 11
1182 3210 1319 3285 prolego-

144 3308 240 3368 menis
264 3305 306 3384 [p.
327 3304 384 3385 53]
408 3309 549 3367 metricas
578 3307 709 3367 rat-iones
733 3304 845 3365 Catulli
873 3308 1007 3379 temporo
1030 3312 1112 3365 ortas
1136 3326 1194 3365 non
1218 3308 1262 3366 ita
1286 3316 1319 3367 ut

146 3406 229 3465 uolui
251 3406 391 3484 persequi
413 3405 498 3465 licuit
523 3398 596 3485 (alio
620 3405 748 3463 tortasse
771 3423 821 3464 eas
840 3404 1009 3464 accuratius
1028 3404 1224 3467 tractabimus
1244 3413 1317 3466 tcm-

144 3496 240 3585 pore).

233 3600 313 3663 Usus
336 3606 437 3663 autem
461 3622 528 3663 sum
546 3620 682 3663 sermone
701 3602 796 3662 latino
816 3619 850 3660 11
869 3602 980 3677 magis,
1005 3621 1062 3677 quo
1082 3601 1217 3660 acerbius
1238 3601 1318 3661 dolet

143 3700 276 3777 animus,
297 3700 378 3777 quod
396 3705 500 3761 nostro
518 3704 654 3776 tempore
674 3701 722 3760 uel
740 3701 768 3760 ei
787 3701 837 3776 qui
856 3700 1036 3777 philologiae
1056 3719 1176 3776 operam
1196 3712 1317 3776 narrant,

143 3797 276 3857 iuniores
298 3800 489 3875 praesertim,
519 3803 603 3859 certa
625 3800 718 3859 latine
742 3802 773 3856 et
796 3796 943 3855 scribendi
969 3803 999 3857 et
1022 3797 1169 3857 sentiendi
1194 3798 1318 3856 scientia

143 3897 243 3975 magis
264 3897 420 3975 magisque
442 3899 558 3969 carent,
586 3894 758 3957 fauentibus
786 3900 816 3955 et
839 3896 906 3953 aliis
930 3897 1020 3957 robus
1044 3903 1075 3957 ct
1097 3899 1317 3956 commentariis

144 3995 204 4053 iam
227 3995 291 4055 tere
313 3994 482 4073 germanice
505 3995 639 4071 scriptis:
671 3994 723 4071 qui
746 3996 781 4053 ut
803 3993 917 4053 ferendi
947 4000 1017 4054 sunt
1044 3996 1075 4054 in
1103 3994 1210 4071 piterili
1234 3994 1318 4053 insti·

144 4094 274 4171 tutione,
305 4093 350 4153 ita
380 4091 592 4169 postulandum
626 4098 674 4153 est
706 4095 740 4151 ut
771 4092 978 4152 adulescentes
1008 4094 1113 4151 barum
1147 4094 1317 4152 litterarum

145 4190 276 4249 studiosi
297 4208 358 4250 non
380 4192 501 4249 sumant
522 4190 554 4249 in
575 4208 682 4249 manns
706 4190 764 4249 nisi
788 4209 838 4249 eos
862 4190 969 4266 libros,
997 4191 1048 4265 qui
1072 4191 1168 4249 latina
1190 4191 1316 4265 explica-

145 4288 227 4347 tione
250 4290 389 4347 ueterum
412 4288 524 4365 scripta
545 4286 716 4347 inlustrant
758 4287 837 4346 lraud
862 4308 969 4362 pauca,
992 4308 1068 4364 quae
1092 4308 1145 4362 per
1169 4288 1222 4347 hos
1246 4290 1315 4347 ulti-

146 4404 211 4445 mos
243 4403 339 4445 annos
367 4386 562 4447 111111111111
587 4385 722 4445 nonnulli
752 4380 811 4463 (ex.
835 4405 879 4462 gr.
908 4385 944 4445 de
973 4377 1127 4465 Horatio),
1155 4406 1318 4465 numquam
