2940 4912
147 330 192 394 46
592 328 880 385 Paouaaouaaa.

149 520 218 560 eum
240 519 276 560 cx
294 498 418 576 tragicis
437 499 546 575 priscis
568 492 679 579 (Ennio
695 498 826 558 Pacuuio
841 492 941 578 Attio)
960 501 1104 560 nonnulla
1122 499 1326 577 adsumpsisse

148 598 265 659 altioris
294 597 357 657 stili
385 597 551 682 uocabula,
579 597 721 656 dilectum
748 597 890 656 nimirum
919 599 1080 659 habentem
1108 602 1141 657 et
1166 617 1326 675 pcruersas

149 697 309 757 uerborum
331 695 466 755 fictiones
489 695 601 754 acriter
624 694 800 770 fugientem.
833 696 891 755 hue
909 698 1008 757 refero
1027 717 1072 757 ex.
1086 716 1131 773 gr.
1151 714 1230 772 qnae
1247 715 1327 755 nunc

149 795 315 873 singularia
338 798 408 853 sunt
434 794 595 853 uerborum
614 793 742 852 maxime
764 795 930 870 composita
947 797 1134 863 raucisonus,
1153 795 1326 861 clarisonum,

148 894 329 961 multicolae,
349 894 527 959 omniuolus,
546 893 713 952 unanimus.
755 894 786 951 et
809 891 842 951 in
864 892 996 952 carmine
1013 891 1115 952 LXIII
1138 894 1176 952 cb
1195 894 1326 951 metrum

147 992 236 1068 plane
264 991 416 1068 peculiare
446 1010 515 1050 eum
542 1008 597 1049 nec
624 1008 644 1048 a
671 989 777 1048 Laeuii
803 990 1016 1049 nouationibns
1044 986 1163 1066 (eadem
1190 988 1328 1048 adhibita

148 1083 279 1169 cautela)
294 1088 476 1149 abstinuisse
490 1087 661 1166 putauerim
676 1078 728 1166 (cl.
744 1080 872 1167 comm).
901 1091 932 1147 ct
947 1087 1055 1146 horum
1071 1080 1207 1163 exemplo
1222 1105 1326 1147 sccun-
1362 1082 1366 1087 ’

148 1188 218 1246 dum
233 1187 334 1247 studia
343 1187 546 1246 Alexandrina
562 1185 627 1262 ipse
641 1185 769 1245 fortuma
785 1184 912 1243 nouauit
924 1185 1104 1260 falscparcns
1117 1175 1326 1260 va111bua,

147 1287 276 1359 unigena
299 1283 396 1343 LXVI
419 1286 461 1345 ba
492 1289 522 1344 et
545 1281 642 1342 LXIV
667 1282 745 1354 300,
772 1299 869 1357 pauca
897 1281 966 1343 alia.
1012 1301 1049 1342 ex
1076 1283 1190 1344 eisdem
1217 1281 1326 1343 studiis

146 1381 302 1458 profluxit,
333 1382 411 1459 quod
435 1401 480 1443 ex.
503 1401 548 1458 gr.
573 1379 669 1439 LXIV
697 1380 735 1439 18
764 1382 891 1439 nulriccs
918 1400 972 1456 pro
996 1373 1176 1441 ‘mammae’
1200 1384 1232 1441 et
1253 1379 1325 1440 ibid.

151 1484 188 1538 11
214 1478 390 1555 Amphitrite
412 1499 466 1556 pro
490 1471 596 1539 ‘maru'
622 1469 672 1559 (cf.
691 1476 790 1536 LXVI
811 1480 852 1538 70
878 1470 998 1557 Tethys)
1021 1478 1156 1556 ponitur;
1183 1478 1326 1555 profluxit

149 1577 240 1638 etiam
263 1578 352 1655 illud,
376 1577 455 1654 quad
479 1576 626 1637 uocabula
648 1593 758 1652 graeca
780 1575 862 1634 haud
886 1595 995 1651 pauca,
1023 1595 1099 1654 quae
1123 1576 1254 1638 sermoni
1276 1594 1327 1653 pa·

149 1675 206 1736 trio
230 1674 458 1736 adcommodata
480 1674 674 1749 uidebantur,
699 1675 752 1732 aut
775 1673 890 1749 primus
914 1675 1028 1750 recepit
1046 1677 1149 1736 noster
1167 1678 1223 1735 aut
1241 1675 1326 1754 (nam

149 1773 198 1834 hic
221 1792 339 1851 quoque
363 1773 451 1834 modo
482 1773 562 1833 dieta
585 1765 702 1850 ualent)
726 1789 745 1829 a
772 1772 896 1848 tragicis
924 1773 984 1832 iam
1012 1776 1133 1850 recepta
1156 1773 1327 1851 adsumpsit

148 1867 271 1950 (adnoto
302 1892 337 1933 ex
365 1876 452 1947 parte
479 1870 511 1930 II
538 1889 583 1930 ex.
606 1889 651 1946 gr.
677 1887 848 1938 amaracum,
876 1872 1061 1940 barathrum,
1089 1874 1221 1940 bombus,
1248 1873 1326 1933 cala

148 1971 269 2038 timaus,
294 1972 486 2045 conchylium,
515 1971 660 2034 crocinus,
684 1969 818 2042 ephebum,
848 1987 952 2038 ouans,
975 1971 1191 2045 hyacinthinus,
1214 1972 1325 2038 locem

148 2069 264 2137 nollens,
292 2086 381 2143 onus,
409 2070 505 2143 copia,
528 2066 712 2142 parthenice,
744 2067 918 2140 strophium,
951 2058 1150 2150 tympanum);
1183 2067 1327 2144 produxit

149 2166 276 2243 denique
300 2167 379 2243 quod
402 2186 463 2226 non
486 2166 583 2226 solum
602 2166 698 2224 multa
715 2165 836 2223 nomina
855 2166 977 2242 propria
995 2185 1157 2243 eorumque
1176 2165 1327 2226 adiectiaa

149 2265 241 2325 babet
263 2284 370 2342 graece
399 2265 528 2325 formata
556 2257 606 2344 (ut
627 2263 764 2329 Ncrcinc,
788 2263 915 2331 Minoes,
939 2264 1082 2332 Daulias,
1105 2262 1324 2339 Amphitryoni-

148 2364 210 2431 dcc,
234 2382 323 2440 porro
347 2362 586 2438 Andropcoucus,
609 2354 832 2441 Haterianus),
857 2361 909 2421 sed
928 2363 1021 2421 etiam
1043 2362 1075 2420 in
1093 2362 1248 2422 flectendis
1271 2381 1323 2422 uo

148 2462 231 2523 cibus
259 2463 371 2523 formas
403 2462 595 2540 graecanicae
622 2460 734 2520 multas
763 2450 813 2539 (ut
840 2459 970 2534 Cybeles,
998 2461 1158 2531 Phocidem
1185 2457 1325 2528 Mmoini,

150 2559 251 2635 Tethyi
255 2582 266 2632 ,·
282 2561 405 2628 I'lrcsca,
420 2561 519 2627 Pelca,
534 2561 656 2630 lilinum·
675 2554 831 2629 Nasidia
846 2558 1010 2633 Chalybum
1026 2559 1172 2633 Thyades,
1187 2553 1324 2639 similia):

148 2659 257 2735 quibus
281 2660 312 2718 in
335 2659 425 2720 rebus
450 2661 587 2718 cantores
610 2657 739 2716 maxime
759 2657 958 2732 Euphorionis
982 2656 1117 2734 exemplo
1139 2655 1234 2717 fuisse
1251 2663 1324 2718 tem·

148 2757 229 2833 poris
253 2757 402 2833 Augustei
431 2756 552 2816 uatibus
575 2775 682 2815 uerum
705 2760 761 2815 est.
787 2786 824 2795 -
851 2755 900 2815 hic
923 2755 1014 2815 etiam
1043 2753 1246 2832 quaerendum
1268 2757 1325 2831 est

147 2872 220 2913 num
243 2855 314 2914 data
338 2873 428 2931 opera
451 2853 589 2914 Catullus
613 2853 706 2913 uerba
724 2842 896 2929 formasque
919 2854 1033 2930 priscas
1056 2856 1092 2913 ut
1114 2857 1323 2914 ornamentum

148 2952 323 3031 adsciuerit,
355 2954 386 3012 id
416 2954 495 3030 quod
523 2956 614 3013 antea
643 2951 844 3011 Callimachus
876 2956 908 3012 et
935 2957 1041 3028 postea
1067 2952 1147 3012 inter
1172 2951 1324 3011 Romanos

148 3051 303 3128 Vergilius
327 3051 470 3112 fecerunt
503 3051 674 3128 negandum
698 3050 753 3109 hoc
776 3055 862 3127 put03
886 3052 976 3111 immo
1000 3068 1077 3127 quae
1095 3051 1153 3109 huc
1171 3048 1324 3125 pertinere

148 3149 303 3226 cudentur,
326 3149 415 3210 aliter
434 3153 505 3209 sunt
523 3148 697 3226 explicanda
717 3142 768 3231 (cl.
787 3167 864 3226 quae
882 3169 951 3209 mox
970 3151 1121 3226 proferam
1139 3149 1177 3209 de
1194 3141 1325 3229 lyricis).

148 3251 179 3308 et
197 3247 306 3307 lalsum
323 3248 463 3324 estquod
478 3248 589 3324 dicunt,
603 3246 739 3307 Attidem
759 3267 831 3323 prae
850 3248 957 3308 ceteris
976 3248 1143 3324 priscarum
1161 3247 1326 3308 dictionum

147 3347 351 3424 quaesitarum
370 3366 436 3407 esse
454 3349 590 3423 plenum3
614 3366 683 3406 nam
706 3345 781 3404 illud
806 3365 974 3422 synonyma
996 3345 1167 3405 cumulandi
1189 3345 1324 3406 studium

147 3446 214 3504 hiuc
237 3446 376 3506 alienum.
400 3477 441 3487 -
466 3447 575 3506 iterum
598 3463 776 3521 graecorum
799 3444 1013 3521 exemplarium
1036 3445 1168 3504 imitatio
1190 3445 1326 3506 cernitur

147 3543 177 3602 in
200 3542 368 3620 adsumptis
391 3545 559 3621 permodice
583 3550 685 3603 tamen
708 3534 793 3624 (nam
812 3542 932 3601 omnino
956 3561 1015 3602 non
1033 3544 1117 3602 amat
1133 3561 1186 3602 eas
1204 3537 1325 3625 noster)

146 3640 251 3716 liguris
275 3642 432 3702 rhetoricis
456 3641 619 3702 rarioribus
651 3635 735 3720 (nam
763 3641 800 3699 de
828 3640 1004 3717 uulgaribus
1034 3659 1104 3700 mox
1131 3632 1326 3725 uidebimus),

146 3739 274 3796 maxime
294 3758 329 3798 ea
348 3759 424 3815 quae
443 3733 504 3800 cini
522 3734 627 3800 κοινοῦ
647 3733 825 3818 uocatur*);
846 3758 1025 3816 quamquam
1045 3739 1102 3797 hae
1120 3743 1152 3797 et
1170 3739 1202 3797 in
1219 3737 1325 3814 lyricis

146 3854 181 3895 cr
205 3840 291 3911 parte
314 3839 513 3912 reperiuntur.

217 4034 245 4102 t)
269 4034 426 4104 simplicem
445 4033 504 4088 eius
523 4034 641 4089 sormam
662 4034 749 4089 habes
773 4052 814 4088 cx.
835 4052 876 4102 gr.
896 4032 986 4087 xxm
1006 4039 1041 4088 26
1064 4037 1095 4088 ct
1114 4033 1148 4087 Ll
1170 4040 1216 4100 163
1239 4033 1324 4105 longa

146 4114 371 4171 artificioaiorem
389 4112 467 4168 XXX
485 4121 512 4182 ³,
532 4113 618 4168 LXIV
633 4121 695 4183 336,
715 4112 843 4169 LXVIIIb
859 4120 902 4175 28,
922 4113 994 4168 XCV
1010 4119 1036 4179 ἓ,
1056 4113 1157 4182 quibua
1175 4113 1247 4169 locis
1261 4113 1325 4170 nica

145 4197 264 4266 copulae
289 4195 410 4265 repetita
432 4212 483 4264 per
506 4195 681 4265 anaphoram
705 4214 760 4250 uox
784 4197 881 4264 aliqua
903 4195 1015 4262 (Ἷοιιιΰἱ
1040 4195 1175 4262 ‘qualis',
1200 4195 1325 4265 ‘iaqua’,

147 4276 257 4342 ‘nam‘l
277 4277 353 4330 ultro
372 4274 467 4330 edocit
485 4277 517 4329 ut
540 4275 596 4329 iam
615 4276 732 4331 uerbum
752 4279 831 4331 ficret
850 4271 907 4330 ἀπὸ
928 4276 1040 4329 scisci:
1060 4275 1141 4330 caina
1160 4277 1324 4346 anaphoras

146 4375 213 4411 usus
228 4355 385 4425 exquisitus
400 4357 522 4410 manime
535 4356 565 4410 in
579 4374 602 4410 c.
617 4355 690 4411 LXII
705 4357 837 4412 cernitur.
867 4361 895 4411 cl
909 4353 1042 4410 similiter
1055 4372 1107 4424 pro
1120 4356 1224 4426 copula
1235 4358 1324 4415 etan

145 4436 295 4491 adhibetor
315 4436 406 4506 ligura
424 4436 603 4492 artificiosior
621 4436 851 4506 epanaatropbes‚
871 4442 900 4489 ut
921 4432 1011 4488 xxm
1029 4441 1071 4500 lt,
1088 4433 1177 4490 1,qu
1194 4442 1237 4506 1⁸,
1255 4443 1301 4495 00.
