2940 4912
205 367 271 432 322
728 365 805 420 LXII
825 372 848 420 1.

206 529 326 583 ‘amores
344 528 398 582 em’
418 526 479 596 ipse
498 528 593 581 noster
606 525 737 580 vamb
755 532 805 592 29,
824 525 938 581 Sueten.
953 524 1034 579 Dom.
1054 530 1087 579 22
1108 525 1297 580 assiduitatem
1316 540 1379 579 con·

204 619 313 673 cubitus
330 618 407 671 uelut
423 617 628 671 exercitationis
644 632 731 686 penus
745 616 900 685 clinopalen
918 616 1046 682 uocabat,
1063 615 1179 684 epithal.
1199 613 1329 669 laurent.
1345 619 1379 668 76

205 711 379 776 exercereque
397 706 465 760 toris
490 703 599 760 Veneris
618 706 754 760 luctamen
772 706 911 772 antelum3
931 706 960 759 et
978 704 1059 774 quasi
1077 704 1150 759 uires
1165 704 1297 760 robustae
1311 704 1381 758 fiant

204 797 309 851 inertes
324 795 517 863 torpideeque,
537 795 635 848 sinon
654 796 843 862 exerceantur,
863 797 907 849 sat
926 794 1017 864 lepide
1033 794 1199 850 ‘iuuentam’
1216 792 1276 847 siue
1295 792 1381 846 robur

203 885 359 939 iuuentutis
377 883 472 938 mariti
491 884 622 939 iubentur
640 901 806 939 conseruere
826 883 1036 951 exercitatione,
1054 886 1087 939 ut
1106 882 1186 939 Ouid.
1202 884 1283 938 am.l
1304 888 1329 950 6,
1344 889 1378 936 63

202 973 308 1041 sermo,
327 973 384 1027 nist
402 973 546 1039 admitas,
565 974 642 1028 mullo
660 978 797 1028 armoente
814 973 940 1038 eenmcit,
963 971 1034 1026 Stat.
1054 971 1117 1025 silu.
1136 970 1197 1038 12,
1219 977 1269 1025 166
1287 988 1379 1026 exerce

202 1063 320 1129 termam
345 1067 369 1115 et
396 1061 566 1130 supientstus
590 1067 664 1116 utere
689 1063 778 1117 donee.
823 1060 955 1114 ‘munus'
983 1077 1001 1114 e
1027 1061 1147 1127 Venere,
1174 1077 1246 1130 quae
1274 1076 1308 1114 eo
1336 1064 1381 1115 est

204 1151 335 1218 colenda,
358 1149 512 1220 inpositum
537 1149 582 1216 (cf.
606 1150 625 1203 I.
649 1148 668 1204 l.
693 1149 849 1219 Claudiani)
876 1149 973 1218 accipe
1001 1148 1035 1203 de
1063 1147 1163 1205 officiis
1186 1148 1379 1215 maritalibus3

203 1241 286 1309 Prop.
306 1239 333 1292 11
351 1245 394 1306 22,
413 1243 449 1292 24
466 1254 546 1307 saepe
562 1244 602 1294 eet
619 1243 731 1315 experta
746 1240 842 1308 puella
860 1239 983 1305 officium
1001 1233 1059 1292 tota
1076 1241 1153 1292 nocte
1171 1237 1264 1292 ualere
1282 1254 1379 1304 meum,

204 1327 285 1383 Ouid.
300 1345 354 1382 em.
370 1326 410 1381 Ill
425 1333 449 1395 7,
464 1333 508 1396 23,
527 1328 637 1383 Peteon.
653 1333 686 1383 67
706 1333 732 1383 et
744 1344 802 1383 mon
815 1329 902 1397 plane
919 1327 1097 1382 immolestum
1115 1326 1194 1396 (iem
1213 1327 1376 1381 molestum'

203 1415 297 1484 codd.)
319 1421 378 1471 erat
400 1432 507 1471 munus.
545 1417 650 1471 lectum
675 1417 705 1471 in
723 1416 749 1473 V
768 1416 901 1472 ‘assidue'
928 1433 991 1470 cum
1014 1415 1095 1470 iuxta
1114 1415 1250 1470 ‘munere’
1276 1416 1314 1469 sit
1336 1415 1378 1469 in·
1453 1471 1455 1475 ,

202 1503 363 1572 tolerabile,
383 1506 458 1559 recte
478 1504 543 1560 Itali
560 1506 590 1560 in
607 1505 742 1561 ‘assiduo’
764 1507 922 1571 mutauere;
942 1506 977 1560 ct.
996 1506 1107 1575 praeter
1121 1504 1197 1559 Suet
1212 1504 1232 1558 1.
1247 1505 1265 1559 l.
1296 1504 1376 1573 Prop.

204 1595 229 1647 II
250 1599 291 1659 16,
314 1599 347 1648 14
365 1600 477 1663 rumpat
494 1600 527 1648 ut
544 1596 666 1650 asmduis
682 1597 801 1650 membra
822 1594 992 1650 lihidinibus.

274 1681 393 1737 Videtur
410 1683 464 1738 hoe
483 1683 697 1752 epithalamium
717 1686 789 1754 (toto
807 1683 879 1738 illud
896 1699 1000 1753 genere
1015 1683 1157 1737 diuersum
1171 1681 1206 1736 ab
1221 1680 1377 1751 hymenaeo

203 1772 371 1841 insequenti)
391 1772 465 1826 inter
483 1773 575 1842 prima
589 1774 713 1828 carmina
731 1771 874 1828 aOatullo
888 1771 965 1827 facta
979 1770 1154 1826 referendum
1169 1768 1216 1840 (cf.
1232 1772 1268 1826 ad
1281 1789 1307 1826 u.
1323 1774 1378 1840 42),

203 1861 230 1915 h.
250 1875 273 1916 e.
293 1876 368 1915 anuo
390 1860 450 1916 fere
473 1867 507 1916 62
531 1863 578 1916 uel
601 1868 633 1917 61
659 1860 883 1917 adscribendum.
920 1862 979 1915 tam
1003 1861 1120 1916 diuitem
1144 1861 1250 1930 ingenii
1263 1862 1379 1945 poetici

204 1965 304 2003 nensm
324 1950 354 2002 et
371 1950 491 2005 formam
511 1951 704 2021 graecanicam
723 1952 752 2007 in
770 1954 859 2005 metro
879 1967 945 2004 sene
964 1949 1089 2004 faciliore
1112 1964 1203 2019 paene
1222 1949 1377 2020 per-tectam

201 2037 260 2092 sine
275 2038 396 2092 molesta
409 2038 558 2110 diligentia
571 2056 640 2110 prae
654 2056 684 2095 se
698 2038 790 2094 terens
804 2057 889 2108 quem
899 2056 1008 2094 morum
1018 2039 1178 2107 rituumque
1188 2039 1377 2095 Romanorum

201 2126 231 2181 in
254 2128 307 2182 hec
329 2130 410 2197 parte
433 2129 673 2199 suspiciendomm
696 2128 781 2184 fidem
805 2131 866 2198 (nec
884 2131 979 2183 tamen
999 2128 1173 2198 antiquarios
1192 2128 1377 2199 redolentem)

200 2213 355 2285 imaginem
373 2216 506 2272 exhibens
525 2219 579 2273 hoo
597 2218 761 2288 opusculum
779 2218 858 2273 iuxta
876 2235 900 2273 c.
915 2215 1003 2271 LXIII
1021 2217 1185 2287 primarium
1203 2216 1378 2272 interductu

200 2305 267 2359 libri
291 2306 404 2361 secundi
427 2311 561 2377 poemata
584 2307 676 2362 locum
705 2307 827 2375 obtinet,
849 2308 883 2360 ut
904 2309 1001 2361 tamen
1024 2306 1164 2360 aemulum
1191 2305 1264 2359 illud
1289 2304 1377 2360 LXIII

202 2393 297 2450 uincet
313 2396 413 2451 natiua
431 2413 483 2451 sna
501 2394 683 2467 simplicitate
703 2396 832 2466 Sapphus
850 2411 968 2450 neueres
986 2395 1016 2449 in
1035 2396 1199 2450 memoriam
1216 2397 1376 2450 reuocante.

732 2549 838 2608 nm

273 2662 302 2716 1.
320 2663 434 2732 Vesper
452 2662 553 2734 adest,
578 2662 720 2718 lunenses
740 2662 926 2729 consurglte.
963 2660 1082 2733 Vesper,
1102 2662 1186 2717 stella
1205 2661 1377 2731 uespertina:

201 2750 236 2805 ct.
260 2754 371 2819 praeter
396 2752 547 2807 Varronem
572 2751 687 2819 (testim.
713 2751 768 2806 uol.
788 2750 811 2820 Ι)
836 2750 977 2806 Censoriu.
1002 2742 1028 2807 d.
1053 2752 1080 2806 d.
1104 2771 1131 2807 n.
1155 2757 1190 2806 24
1214 2752 1253 2823 [p.
1274 2758 1307 2806 61
1328 2751 1377 2823 Η.]

198 2847 261 2909 poet
283 2857 435 2910 supremam
458 2843 580 2910 sequitur
603 2857 730 2910 uespera,
754 2847 817 2895 ante
840 2847 929 2896 ortum
954 2842 1056 2895 scilicet
1079 2842 1139 2896 mus
1163 2842 1267 2908 stellae,
1294 2859 1378 2911 qrcam

201 2929 322 2983 Plomma
349 2932 567 2999 uesperupimem,
595 2928 709 2982 Ennius
736 2945 890 2998 receperam,
921 2928 1059 3002 Verpilius
1086 2930 1217 2998 lepreon
1246 2931 1378 3000 appellat,

199 3017 273 3072 Plin.
292 3017 319 3072 h.
339 3037 365 3074 n.
386 3016 411 3071 II
430 3024 464 3072 36
482 3020 560 3073 sidua
579 3060 604 3072 ..
631 3017 752 3086 Veneris,
772 3019 878 3073 altarem
895 3024 986 3073 meatu
1007 3035 1110 3088 uapum
1133 3019 1253 3088 ipsisque
1276 3035 1374 3090 capno

201 3107 320 3160 minibus
339 3108 474 3161 aemulum
498 3108 564 3161 solie
588 3123 621 3161 ac
639 3107 736 3172 lunam·
755 3110 938 3178 praeueniens
960 3109 1061 3178 quippe
1083 3113 1108 3163 ct
1126 3113 1191 3161 ante
1207 3109 1377 3162 matutinum

200 3198 324 3250 moriem
342 3196 468 3264 Luciferi
491 3213 588 3250 nomen
611 3197 726 3264 accepit,
749 3202 781 3250 ut
802 3198 843 3252 sol
865 3199 935 3252 alter
953 3198 1075 3266 diernque
1096 3201 1254 3262 maturans,
1278 3202 1376 3252 contra

202 3284 237 3338 ab
256 3300 354 3339 occasu
367 3285 506 3355 refulgens
519 3290 700 3354 nuncupatur
718 3285 816 3355 Vesper
830 3292 862 3340 ut
877 3302 1031 3356 prorepens
1044 3287 1129 3340 lucem
1143 3287 1281 3355 uicemque
1294 3287 1378 3340 lunae

202 3374 323 3428 reddens.
353 3371 464 3443 saepius
483 3372 605 3428 occurrit
624 3373 729 3443 Vesper
747 3374 824 3443 apud
842 3375 952 3443 poetes,
971 3376 1003 3428 ut
1021 3375 1106 3443 Verg.
1125 3375 1157 3428 G.
1177 3372 1189 3425 I
1208 3380 1269 3428 261.
1299 3375 1376 3429 ‘con-

201 3462 328 3533 surgite',
348 3461 408 3516 scih
428 3463 531 3517 mensis
551 3465 586 3531 (u.
607 3469 623 3516 3
642 3466 671 3516 et
689 3461 757 3517 Aen.
778 3461 842 3517 VIII
863 3467 933 3533 110).
963 3460 1069 3533 derigit
1086 3464 1182 3517 autem
1200 3463 1269 3518 hacc
1289 3463 1377 3518 uerba

200 3570 271 3606 unus
290 3569 323 3607 ex
342 3551 425 3606 turba
443 3552 662 3607 adulescentium
682 3553 719 3608 ad
738 3552 835 3608 socios.
868 3552 910 3606 ita
929 3553 1002 3606 enim
1018 3555 1108 3607 totam
1124 3552 1176 3608 tibi
1191 3551 1281 3621 fingas
1300 3567 1376 3608 scae·
1459 3593 1465 3601 .

199 3659 264 3696 nam
283 3641 433 3696 secundum
452 3641 504 3694 hos
523 3659 620 3696 uersus
634 3640 709 3711 ipsos
724 3645 819 3711 (praue
834 3644 926 3696 autem
942 3640 1105 3710 plerumque
1122 3641 1150 3695 iu
1164 3658 1255 3696 nouae
1269 3643 1374 3710 nuptae

200 3731 283 3784 domo
302 3732 421 3800 paterna
443 3748 556 3785 cenasse
579 3748 681 3800 pueros
705 3731 868 3799 puellasque
891 3733 1015 3800 putent):
1039 3729 1133 3800 pueri,
1156 3731 1223 3785 noui
1246 3729 1376 3801 coniugis

200 3819 267 3873 olim
291 3817 414 3885 sodales,
439 3822 468 3872 et
490 3820 615 3888 puellae,
638 3835 728 3874 nouae
751 3823 856 3888 nuptae
880 3818 1000 3885 amicae,
1026 3819 1191 3889 congregati
1215 3823 1281 3874 sunt
1308 3823 1375 3875 ante

199 3907 281 3963 aedes
305 3908 412 3975 mariti,
436 3911 468 3962 ut
491 3909 639 3978 expectent
662 3924 725 3962 eum
748 3907 784 3960 ad
804 3908 916 3962 domum
941 3922 1019 3961 suam
1042 3916 1165 3961 uxorem·
1181 3908 1376 3977 deducentem,

199 3995 270 4052 festo
289 3995 412 4051 carmine
432 3996 574 4066 excepturi
592 4015 626 4050 ex
644 4013 721 4050 more
740 3995 921 4052 aduenientes
940 3997 1030 4050 uirum
1050 3995 1239 4065 feminamque
1257 3997 1315 4051 ism
1333 4015 1377 4054 so·

199 4086 305 4140 delium
324 4085 435 4140 circulis
451 4087 606 4155 exemptum
628 4085 813 4154 deserantque
827 4102 901 4139 nunc
917 4085 1001 4140 stella
1014 4084 1131 4141 Veneris
1146 4086 1375 4166 exoriente,cum

199 4192 255 4242 qua
278 4176 361 4229 simul
385 4192 459 4229 noua
481 4177 570 4244 nupta
593 4174 706 4228 domum
732 4177 876 4244 paternam
900 4175 938 4229 sit
961 4174 1108 4241 relictura,
1135 4175 1263 4230 celeriter
1287 4175 1376 4246 dapes

199 4262 292 4332 larges
315 4281 332 4318 a
355 4280 429 4317 nouo
452 4263 554 4317 marito
578 4262 736 4332 praebitas,
759 4263 859 4332 quibus
882 4264 974 4317 adhuc
997 4263 1173 4318 indulserant
1196 4266 1262 4319 autc
1289 4265 1375 4320 sedes

198 4368 248 4420 per
267 4351 401 4420 cespitem
419 4352 461 4406 ita
479 4350 581 4420 diffusi,
601 4353 632 4405 ut
650 4351 687 4406 ab
705 4369 761 4406 una
779 4353 859 4422 parte
878 4352 998 4422 puellae,
1018 4352 1053 4407 ab
1069 4353 1160 4407 altera
1178 4352 1374 4411 adulescentes

198 4440 412 4496 adcumberent:
432 4441 565 4496 rusticam
585 4442 614 4495 in
632 4441 832 4525 hoccarmine
855 4440 951 4497 omnia
969 4439 1181 4511 simplicitatem
1201 4442 1320 4514 spirant
1339 4474 1374 4486 -
