2940 4912
206 263 271 326 342
710 263 783 316 xcv
803 269 832 331 s,
852 269 875 318 a.

207 427 252 478 sat
283 426 395 478 constat
416 423 489 477 inter
514 422 588 478 bona
615 423 710 478 omina
737 423 831 478 luisse.
868 420 988 477 conferri
1010 421 1101 476 solent
1124 422 1170 492 (cf.
1196 421 1383 476 MSchoolrius

208 514 242 567 de
258 512 472 580 sternutatione,
486 512 691 567 amstelodami
708 518 785 578 1664,
800 512 975 566 Hermannus
990 511 1096 579 antIqq.
1111 508 1208 564 Graec.
1224 510 1261 563 ad
1275 510 1382 564 cultum

206 603 308 673 pertin.
337 607 352 668 ξ,
379 608 427 669 38,
455 601 574 657 Beckeri
596 600 738 656 Charicles
762 600 774 652 I
798 619 824 670 6.
850 606 915 670 363,
944 600 1012 668 6116)
1036 598 1117 654 Hom.
1142 599 1193 654 Od.
1217 597 1296 652 XVII
1319 603 1381 665 645,

205 691 321 746 Aristot.
339 691 365 744 h.
381 708 405 745 a.
421 690 434 743 l
450 697 480 744 11
497 693 526 744 66
539 689 628 760 probl.
644 696 687 758 33,
708 690 824 745 Τ66666.
842 694 884 757 18,
900 695 942 750 16,
957 687 1013 743 Cic.
1029 688 1054 742 d.
1070 687 1126 742 diu.
1142 686 1225 754 1140,
1240 691 1284 755 84,
1299 686 1383 742 Ouid.

207 780 289 852 epist.
303 785 344 849 18,
362 786 420 847 161,
436 777 507 833 Ρ116.
519 779 546 831 6.
557 797 583 833 n.
595 778 711 832 XXVIII
721 784 764 832 13.
792 777 1014 834 transferebatur
1024 779 1078 832 666
1087 776 1125 831 61
1134 777 1265 832 Amorem
1276 777 1382 832 bonum

206 869 317 939 signum
336 870 458 936 dantem,
478 870 509 922 ut
528 866 644 924 Theocr.
661 873 685 935 ’1,
701 873 734 921 96
749 869 884 941 Σιμιχίδᾳ
904 864 957 937 μὲν
975 861 1279 936 ’116666ςέ61666666,
1300 866 1382 937 Ρ666.

207 957 232 1011 11
256 964 282 1023 3,
306 964 339 1012 33
364 975 429 1012 sum
452 959 505 1014 titi
522 957 949 1026 66666611666616,66666116,
973 957 1068 1011 116666
1092 956 1228 1012 candidas
1252 961 1383 1025 orqatum

206 1049 323 1102 sternuit
351 1064 427 1101 maen
454 1045 561 1102 Actor?
603 1046 652 1101 sed
675 1049 783 1113 tamen,
807 1062 976 1115 quamquam
999 1044 1029 1099 in
1047 1044 1208 1100 uniuersum
1231 1063 1282 1115 pro
1307 1045 1382 1101 bono

207 1134 399 1206 accipiebatur
409 1137 629 1191 sternumentum
640 1134 741 1204 omine,
755 1135 785 1189 in
799 1135 853 1189 666
866 1152 976 1204 quoque
990 1150 1020 1189 re
1035 1134 1185 1204 diligenter
1194 1134 1384 1190 obscurabant

207 1225 282 1279 haud
305 1241 381 1293 raro,
404 1241 525 1294 quanam
550 1241 582 1279 66
609 1225 688 1294 66616
708 1226 929 1279 sternumentum
949 1222 1105 1278 accidisset.
1142 1224 1172 1277 66
1190 1222 1304 1279 Graecis
1322 1223 1382 1292 qui·

206 1313 268 1367 dem
293 1309 418 1383 66666μὸ6
442 1309 474 1368 ia
498 1314 553 1368 τῶν
578 1312 680 1378 eseias
704 1313 841 1367 secundus
867 1311 1283 1381 erat(cl.Plut.Them.13);
1307 1311 1383 1382 apud

207 1403 348 1457 Romanos
375 1404 446 1458 bene
474 1401 547 1458 16666
575 1401 710 1473 66661666
738 1401 871 1472 16666611
894 1418 996 1471 genus,
1025 1401 1176 1457 secundum
1201 1401 1276 1471 quod
1301 1418 1383 1456 omen

210 1493 361 1546 ‘dextrum’
382 1491 481 1547 itidem
500 1494 605 1548 bonum
624 1493 694 1560 6666,
713 1494 742 1547 66
762 1491 892 1546 instituta
910 1490 978 1546 iuris
997 1491 1069 1546 sacri
1083 1491 1316 1562 distinguendum
1332 1495 1384 1557 666,

209 1596 243 1634 66
262 1598 317 1651 quo
337 1582 417 1637 laeua
437 1581 571 1651 (sinistra)
582 1598 717 1652 prospera
731 1581 935 1649 existimaretur,
954 1582 1084 1651 quoniam
1099 1582 1180 1636 laeua
1190 1586 1272 1652 porte
1285 1581 1385 1636 mandi

208 1675 284 1725 ortus
302 1675 340 1725 cst
358 1670 440 1738 (Plin.
461 1674 486 1726 h.
506 1688 533 1724 n.
553 1672 578 1726 lI
600 1673 672 1739 142);
694 1669 729 1726 cl.
745 1669 843 1738 Pauly,
862 1671 974 1739 Encycl.
994 1669 1062 1725 real.
1081 1668 1107 1722 11
1121 1688 1148 1740 p.
1165 1675 1243 1737 1160,
1262 1667 1384 1739 interpp.

207 1759 243 1813 ad
263 1759 322 1813 Liu.
342 1758 354 1810 I
375 1765 421 1828 18,
440 1758 524 1829 Verg.
544 1764 611 1815 Aen.
632 1758 657 1811 Π
677 1765 728 1813 693
747 1760 870 1814 intonuit
888 1760 993 1837 loeson
1012 1761 1040 1813 66
1058 1757 1124 1812 Vlll
1144 1764 1195 1814 302
1215 1740 1386 1825 66111631,1

207 1847 239 1902 G.
259 1848 298 1901 IV
318 1856 333 1903 ‘1
352 1851 455 1918 siquem
472 1851 589 1904 6666166
608 1852 689 1905 loeas
706 1850 813 1904 sinant.
851 1848 936 1918 uulgo
956 1851 1050 1903 autem
1068 1848 1194 1918 legentes
1212 1846 1338 1901 ‘sinistra
1353 1853 1384 1901 ut

208 1941 287 2008 6666,
316 1937 414 1992 dextra
441 1941 475 1994 66.
500 1938 745 2008 approbationem’
772 1935 997 2007 Graecorumque
1024 1955 1106 1992 usum
1134 1936 1316 2008 respicientes
1345 1935 1386 1992 sic

210 2026 438 2097 interpretantur,
457 2029 597 2096 Amorem,
617 2026 854 2096 quemadmodum
873 2029 939 2081 ante
958 2044 992 2081 ex
1010 2029 1090 2097 perte
1110 2025 1232 2093 sinistra,
1250 2026 1294 2081 ita
1311 2043 1385 2080 nunc

208 2133 241 2170 66
269 2117 349 2186 parte
378 2113 476 2170 dextra
503 2117 667 2186 sternuisse,
695 2117 723 2171 h.
752 2134 774 2171 e.
806 2134 935 2171 auersum
959 2117 1044 2170 antea
1067 2113 1124 2170 iam
1148 2114 1301 2186 propitium
1325 2131 1385 2170 esse

208 2202 338 2274 Septimii
357 2208 386 2259 et
400 2205 500 2260 Acmes
520 2205 618 2261 amori.
645 2205 720 2274 quod
739 2222 874 2276 perquam
889 2222 1020 2276 peruerse
1035 2208 1079 2260 est
1092 2204 1290 2275 excogitatum.
1318 2222 1385 2261 nam

208 2295 240 2347 ut
262 2293 444 2348 stemumenti
468 2311 549 2349 omen
573 2294 602 2348 16
621 2293 683 2350 1666
703 2296 732 2347 66
750 2297 877 2364 tempore
896 2295 974 2349 ualet
992 2312 1043 2348 nec
1062 2311 1113 2364 per
1131 2293 1242 2364 longius
1260 2293 1386 2363 spatium

206 2382 260 2450 (66.
293 2400 334 2452 gr.
367 2385 502 2454 annuum)
534 2383 665 2438 inimicus
694 2385 854 2439 amantibus
882 2384 969 2438 Amor
996 2399 1106 2454 semper
1134 2400 1167 2439 ex
1196 2384 1279 2439 laeua
1304 2387 1386 2454 parto

208 2471 360 2527 sternuisse
379 2472 435 2527 diei
453 2476 555 2544 potest,
575 2473 616 2528 ita
629 2473 770 2528 infelicem
793 2474 841 2541 qui
860 2477 945 2529 antea
964 2478 1025 2528 erat
1044 2490 1167 2529 amorem
1181 2473 1310 2544 pluribus
1325 2473 1386 2529 sine

208 2559 293 2616 dubio
312 2565 507 2631 persecuturus
526 2563 625 2618 fuisset
643 2565 736 2633 poeta.
774 2564 847 2618 unde
865 2580 900 2618 ns
919 2562 1033 2619 lVossio
1053 2562 1175 2632 quidem,
1194 2563 1243 2632 qui
1260 2561 1386 2632 priorem
1421 2573 1425 2590 ·

208 2649 389 2704 offensionem
410 2650 570 2707 sublaturus
590 2652 713 2706 ‘sinister
731 2653 808 2706 ante’
830 2651 964 2721 coniecit,
988 2651 1121 2707 accedere
1138 2669 1265 2722 possum:
1290 2652 1337 2705 uix
1358 2658 1388 2706 et

208 2756 243 2792 ne
267 2738 313 2792 uir
338 2739 451 2808 quidem
475 2740 675 2810 impedimenta
699 2741 766 2796 olim
791 2741 933 2796 obstantia
952 2743 981 2794 et
999 2740 1028 2793 id
1048 2741 1123 2809 quod
1141 2743 1318 2810 praesentem
1337 2741 1386 2794 ad·

208 2827 288 2881 duxit
306 2825 473 2882 felicitatem
492 2845 711 2884 commemorare
729 2829 871 2884 omisisset
885 2828 1020 2886 Valerius.
1058 2826 1178 2897 deniqne
1197 2827 1315 2899 uulgata
1335 2827 1388 2883 illa

209 2915 294 2970 lectio
313 2914 417 2970 inludit
434 2917 489 2971 arti
508 2917 631 2973 criticae.
668 2934 733 2972 nam
754 2936 816 2973 cum
836 2919 906 2973 haec
925 2918 1012 2972 uerba
1029 2919 1175 2973 recurrant
1192 2936 1237 2971 66.
1260 2922 1291 2970 17
1308 2920 1386 2972 et18

208 3004 301 3073 ibique
322 3004 345 3059 V
364 3005 495 3060 exhibeat
515 3007 651 3061 ‘dextram
671 3012 704 3063 st.
725 3008 985 3078 approbationem’,
1008 3007 1104 3062 nostro
1124 3023 1234 3077 quoque
1253 3007 1316 3061 Ioco
1335 3007 1385 3062 ab·

211 3093 329 3148 latinum
353 3095 549 3149 inconcinnum
574 3114 636 3150 cum
661 3097 739 3151 Italis
764 3096 963 3166 Scaligeroque
987 3098 1095 3150 mutare
1118 3098 1231 3166 oportet
1252 3096 1281 3151 in
1304 3114 1386 3151 accu-

209 3183 345 3252 satiuum,
369 3201 425 3237 non
449 3201 482 3238 66
504 3187 599 3240 666166
618 3186 681 3241 1666
701 3203 877 3257 corrumpere
897 3205 921 3240 u.
945 3192 989 3253 18,
1014 3184 1054 3240 161
1077 3201 1188 3254 quoque
1213 3186 1324 3241 ‘dextra
1351 3191 1385 3241 st.

210 3272 452 3342 approbationem'
483 3273 639 3331 scribendo.
688 3293 752 3329 nam
781 3275 853 3331 sicut
886 3275 961 3345 apud
990 3274 1167 3344 Propertium
1197 3275 1214 3329 l.
1243 3272 1262 3331 l.
1292 3275 1387 3329 ‘omen

209 3362 373 3432 sternuere',
388 3362 429 3417 166
442 3363 489 3417 616
505 3364 658 3418 ‘sternuere
674 3365 916 3434 approbationem’
935 3367 1067 3419 consueto
1082 3363 1132 3417 illo
1147 3365 1238 3433 poetis
1253 3363 1387 3433 loquendi

210 3467 312 3521 genere
323 3450 498 3521 (Xuebnerus
513 3453 530 3507 l.
546 3452 564 3507 l.
580 3471 606 3522 p.
622 3456 685 3523 311)
701 3453 842 3522 significat
858 3453 936 3508 ‘dare
950 3452 1120 3507 6666666616
1130 3453 1385 3522 approbationem,

209 3542 243 3594 cf.
263 3540 445 3596 Marklandus
465 3542 501 3596 ad
517 3540 586 3596 Stat.
603 3542 665 3596 silu.
685 3541 723 3596 IV
744 3549 768 3608 1,
788 3549 830 3597 46.
867 3541 923 3596 iam
943 3543 970 3596 in
991 3542 1044 3597 boc
1060 3542 1186 3596 ‘sinistra
1200 3586 1207 3598 .
1223 3584 1228 3598 .
1244 3541 1383 3597 dextram’

208 3630 342 3685 habemus
361 3630 501 3701 duplicem
520 3631 601 3685 illum
616 3631 804 3686 Romanorum
823 3650 904 3686 usum
923 3636 990 3703 apte
1010 3631 1204 3687 coniunctum:
1225 3648 1258 3686 ex
1272 3631 1387 3687 sinistra

209 3720 304 3787 (bona)
319 3722 399 3790 parte
414 3720 544 3775 accidens
559 3736 641 3775 omen
656 3721 784 3776 dextrum
796 3721 855 3776 6166
865 3722 1018 3776 secundum
1034 3725 1107 3790 erat,
1122 3738 1212 3790 neque
1223 3721 1387 3776 mirabimur

209 3807 347 3877 superflue
370 3809 406 3863 ad
431 3809 687 3879 ‘approbationem’
713 3811 841 3866 additum
866 3810 1031 3881 ‘dextram',
1057 3812 1080 3866 si
1104 3816 1210 3881 quanto
1229 3810 1387 3867 afferendae

208 3896 393 3967 oppositionis
418 3914 512 3952 amore
536 3899 719 3970 flagrauerint
737 3901 856 3956 Romani
880 3901 1071 3968 recordamur;
1096 3900 1130 3958 ci.
1150 3899 1236 3955 LXVI
1255 3906 1297 3957 38.
1336 3901 1386 3956 661

209 3987 280 4040 hanc
310 3987 571 4057 interpretationem
595 3989 800 4060 lectionemque
824 3990 929 4060 pariter
952 3990 989 4044 ab
1011 3990 1072 4044 arte
1096 3991 1125 4044 et
1148 3991 1304 4046 sententiae
1328 3991 1386 4046 iam

208 4078 379 4146 praestantia
402 4077 627 4133 commendatam
646 4078 669 4132 61
689 4078 900 4149 amplectimur,
920 4080 994 4132 stare
1012 4077 1112 4145 nequit
1132 4078 1174 4133 ‘ut
1191 4080 1284 4134 ante':
1309 4079 1386 4149 quod

208 4183 234 4218 u.
257 4172 298 4232 17,
318 4167 366 4220 661
386 4167 421 4220 61
441 4171 565 4222 nostrum
585 4187 611 4221 6.
627 4168 782 4238 respicitur,
803 4169 912 4224 ratione
930 4165 1027 4235 aliqua
1040 4183 1095 4220 non
1110 4171 1195 4234 caret,
1215 4167 1243 4222 id
1258 4168 1386 4240 ineptum

209 4255 240 4307 fit
264 4254 321 4315 liic,
348 4256 394 4309 ubi
419 4274 473 4324 quo
498 4259 607 4327 spectet
626 4258 711 4312 babet
730 4257 814 4314 nihil:
838 4273 911 4312 nunc
930 4254 1055 4311 nondum
1074 4258 1158 4310 antea
1177 4260 1387 4315 sternutauerat

209 4344 302 4395 Amor.
340 4345 369 4396 ct
393 4363 442 4413 per
462 4364 491 4400 66
511 4350 602 4417 patet,
628 4347 671 4401 ‘ut
689 4347 765 4403 ante’
787 4363 842 4401 non
862 4345 956 4400 uslere
974 4361 1025 4416 por
1045 4343 1215 4401 latinitatem
1238 4347 1281 4401 ‘ut
1299 4349 1384 4403 ctiam
