2940 4912
181 292 247 356 582
671 285 771 342 xcvii
790 294 867 343 s-s.

178 452 290 507 uidetur
322 450 371 504 ille
404 449 568 518 nescioquos
603 448 664 503 eius
692 465 801 503 amores
829 447 942 502 turbare
971 448 1107 515 uoluisse,
1136 447 1276 518 siquidem
1304 452 1360 506 hoe

179 542 310 597 carminis
329 538 477 594 consilium
495 542 573 608 puto,
593 541 625 593 ut
644 539 680 593 ab
693 536 814 593 Aemilio
832 538 1006 593 deterreatur
1026 540 1104 592 certa
1122 537 1221 607 aliqua
1243 538 1359 598 femina.

179 632 306 701 Scaliger
328 647 371 700 cp.
392 628 476 683 Anth.
496 627 555 683 Pal.
575 626 613 680 XI
632 633 683 681 241
708 624 739 682 τὸ
766 623 855 698 στόμα
874 623 913 697 χῶ
933 624 1061 696 πρωκτὸς
1079 622 1194 694 sorito'v,
1214 625 1359 698 Θεόδωρὲ,

179 739 230 776 σου
249 717 308 786 ὄζει
327 724 383 773 κτλ.
422 717 499 786 (ibid.
519 720 596 785 415),
616 715 650 770 ci.
671 716 700 769 et
718 716 802 770 Anth.
822 715 872 770 lat.
892 722 954 783 384,
976 722 1008 769 10
1022 721 1244 786 qualecumque
1258 734 1359 785 mouet,

178 827 208 865 oa
226 800 318 865 calum
335 808 458 877 porrigis
475 807 549 860 altro
568 822 626 872 eqs.
664 805 782 859 Phaedr.
802 804 839 858 IV
856 810 897 873 19,
918 811 951 860 96
966 805 1001 859 de
1016 804 1132 859 canibus
1147 806 1238 860 aulam
1252 806 1358 872 olfacit.

178 899 207 953 in
226 899 250 954 V
273 899 391 967 uulgare
414 895 485 950 illud
512 895 627 949 ‘utrum’
653 895 743 960 extat3
767 895 843 949 recte
862 894 988 948 Muretus
1013 893 1122 976 hiatupr
1141 894 1293 949 molestum
1312 895 1359 964 (ad

179 988 281 1043 LXVII
297 989 343 1057 44)
362 986 483 1041 remouit
501 984 661 1054 reponendo
680 983 814 1039 rariorem
830 983 949 1039 formam
964 985 1129 1053 ‘utrumne',
1149 1000 1233 1053 quam
1247 986 1359 1055 saepius

181 1079 268 1133 habet
277 1075 417 1144 Horatius,
433 1075 513 1144 epod.
527 1080 551 1141 1,
563 1076 651 1141 Ι1,111.
663 1072 787 1141 naam
802 1075 1005 1143 necquicquam
1015 1075 1133 1142 differre,
1147 1080 1292 1130 utrumne.
1304 1117 1310 1129 .
1320 1094 1360 1130 ass

180 1168 209 1220 et
223 1174 248 1235 e,
263 1173 305 1221 13.
322 1197 354 1205 -
370 1165 400 1219 9.
415 1163 479 1218 1111
495 1162 633 1217 mundius
648 1163 705 1218 boo
719 1162 876 1230 nihiloque
891 1162 1065 1218 inmundlus
1079 1163 1169 1220 illud.
1196 1181 1263 1219 nam
1278 1166 1360 1234 paria

180 1259 245 1309 sunt
258 1256 295 1310 ab
308 1253 470 1321 impuritate
485 1269 516 1305 os
532 1255 560 1305 et
575 1252 661 1307 culus.
695 1269 767 1321 quae
782 1251 923 1306 sententia
936 1253 1075 1322 generalis
1091 1270 1124 1308 ex
1138 1252 1251 1308 traditis
1266 1254 1360 1309 uerbis

180 1361 263 1412 aegre
277 1343 405 1397 efficitur.
431 1358 496 1395 nam
511 1341 535 1394 si
550 1340 654 1408 ‘iliud’,
669 1359 709 1410 os,
725 1339 838 1395 ‘nihilo'
856 1342 942 1410 (quod
957 1343 1049 1411 priore
1063 1342 1126 1397 loeo
1142 1342 1178 1397 ob
1194 1344 1316 1397 metrum
1329 1342 1360 1398 in

182 1432 263 1486 ‘nilo’
280 1435 323 1485 est
337 1432 522 1494 contractum
539 1430 574 1485 of.
586 1430 700 1484 Lachm.
715 1430 752 1484 ad
762 1430 843 1485 Luor.
854 1449 878 1499 p.
892 1435 926 1484 97
937 1433 990 1499 sq.)
1000 1429 1131 1485 mundius
1141 1431 1188 1484 nel
1197 1430 1359 1487 inmundius

184 1520 271 1587 ‘hoo’,
292 1538 376 1588 quam
395 1518 487 1586 culus,
507 1535 568 1572 1111
587 1518 700 1587 dicitur,
719 1519 792 1589 perit
810 1517 854 1573 uis
874 1519 964 1574 omnis
984 1520 1060 1588 salis,
1079 1519 1218 1589 siquidem
1237 1521 1362 1575 ossolet

181 1610 346 1679 plerumque
365 1609 494 1663 mundius
514 1625 574 1663 asae
593 1625 678 1676 quam
697 1608 782 1664 culus.
820 1609 893 1662 unde
912 1607 979 1663 olim
999 1608 1067 1663 dedi
1084 1626 1099 1663 1
1114 1609 1276 1663 coniectura
1292 1610 1362 1664 ‘nilo

182 1699 311 1753 mundior
328 1698 397 1765 hic',
417 1715 479 1751 oum
499 1697 665 1766 praesertim
685 1698 754 1752 ‘hio'
776 1697 812 1751 ad
826 1696 918 1767 magia
932 1697 1120 1767 propinquom
1134 1698 1245 1766 (onius),
1265 1698 1359 1753 ‘illud’

183 1790 218 1842 ad
234 1788 325 1857 magia
338 1792 476 1842 remotum
492 1789 546 1856 (oa)
561 1787 737 1842 referendum
752 1790 880 1858 putarem
891 1785 921 1839 in
930 1787 984 1840 hac
994 1785 1052 1842 stili
1063 1785 1216 1841 Catulliani
1226 1785 1361 1858 simplici·

182 1881 249 1932 tate.
287 1894 384 1932 nerum
405 1877 463 1930 ‘hio
478 1907 512 1916 —
526 1875 587 1930 ille’
609 1875 694 1931 etiarn
714 1876 744 1931 in
762 1892 888 1930 sermone
906 1893 963 1931 non
982 1875 1133 1930 artificioso
1152 1876 1229 1930 hand
1241 1893 1306 1932 raro
1320 1877 1362 1932 ita

183 1965 323 2034 adhiberi,
354 1969 385 2019 ut
406 1967 482 2020 ·‘hic'
512 1966 546 2019 ad
575 1966 653 2035 prius
676 1967 706 2019 et
730 1965 801 2020 ‘ille’
827 1965 863 2019 ad
887 1964 1007 2019 alterum
1031 1965 1186 2019 membrum
1209 1967 1361 2036 pertineat,

184 2057 285 2125 postea
303 2054 388 2108 didici
409 2055 455 2124 (el.
471 2071 512 2109 ex.
528 2073 568 2123 gr.
585 2055 706 2108 Macrob.
722 2052 875 2120 V114,ar;
895 2051 983 2107 Paria.
999 2051 1035 2106 ad
1051 2051 1158 2107 Sanatii
1172 2052 1239 2109 Min.
1255 2054 1321 2123 119,
1336 2063 1360 2124 ’1,

188 2144 296 2198 Ruhnk.
322 2143 358 2197 ad
376 2143 461 2198 Rutil.
482 2144 550 2213 Lup.
570 2162 596 2213 p.
623 2149 686 2209 126,
711 2143 868 2211 Draegerus
892 2144 964 2212 synt.
985 2143 1107 2211 l§4t);
1131 2159 1183 2198 111
1201 2144 1285 2199 aliter
1302 2144 1362 2214 ipae

183 2232 334 2289 11111103.
354 2232 420 2287 hinc
431 2233 601 2287 Lachmanni
613 2231 814 2287 correctionem
826 2231 997 2285 ‘inmundior
1005 2231 1066 2286 iila’
1079 2230 1135 2301 (uel
1145 2232 1240 2302 potins
1250 2233 1361 2303 ‘illest')

183 2340 256 2376 nunc
276 2321 404 2392 praefero
423 2322 490 2390 qnia
504 2320 603 2376 melius
619 2338 649 2375 os
664 2319 754 2375 nihilo
769 2320 899 2374 mundius
915 2337 998 2388 qnam
1013 2320 1102 2387 culus,
1121 2323 1200 2376 culus
1215 2320 1305 2377 nihilo
1320 2323 1361 2376 in·

183 2411 314 2466 mundius
333 2428 417 2480 quam
437 2429 467 2466 os
482 2411 585 2465 dicitur
601 2413 629 2465 et
643 2428 693 2480 per
707 2427 736 2464 ae
752 2413 782 2465 et
796 2410 831 2464 ob
847 2427 958 2464 uersum
972 2414 1144 2478 sequentem.
1162 2442 1194 2451 -
1209 2410 1238 2466 4.
1253 2425 1361 2467 uerum

184 2501 287 2557 etlam.
315 2501 400 2555 immo
415 2503 556 2570 potina-
574 2499 893 2555 mundioretmellor.
922 2499 957 2552 cf.
977 2497 1197 2557 maxxxlva.
1229 2501 1361 2571 ‘melior',

185 2608 240 2645 non
265 2594 322 2643 iam
347 2590 445 2644 foedus
464 2592 549 2659 atque
570 2592 658 2644 atrox.
680 2621 711 2629 -
731 2590 760 2643 b.
780 2603 814 2644 aa
833 2588 933 2642 dentis
952 2588 1184 2658 sesquipedalia.
1223 2590 1276 2645 ‘os'
1297 2607 1360 2644 curn

183 2679 213 2732 ui
238 2678 428 2748 praepositum
448 2695 513 2732 uere
534 2677 658 2732 restitnit
677 2676 871 2731 Froehlichius
890 2693 940 2745 pro
959 2676 1065 2732 tradito
1084 2677 1113 2731 in
1132 2676 1156 2733 V
1177 2676 1262 2745 ‘hic’,
1286 2680 1361 2747 quod

183 2785 267 2821 sensu
287 2769 376 2822 earet:
397 2770 495 2822 contra
513 2784 543 2820 os
563 2767 650 2821 habet
664 2767 762 2820 dentes
777 2766 952 2835 praelongos.
992 2765 1159 2834 ‘sesquipes'
1177 2766 1280 2836 (Plant
1296 2769 1360 2823 trin.

187 2862 248 2923 903,
268 2856 342 2910 Pers.
365 2864 389 2923 1,
409 2861 455 2924 57)
479 2861 509 2910 et
533 2853 758 2924 ‘sesquipedalis’
780 2853 873 2920 (Mart.
894 2854 945 2907 Vll
963 2861 1004 2921 19,
1025 2860 1067 2922 10,
1086 2855 1151 2909 Hor.
1171 2867 1196 2911 a.
1215 2873 1242 2925 p.
1262 2858 1308 2925 97)
1328 2858 1362 2911 de

184 2949 225 3001 eis
240 2964 312 3014 quae
327 2963 485 2999 mensuram
500 2945 604 2998 iustam
619 2945 758 2998 excedunt
772 2943 889 2998 ridicule
904 2942 1016 2998 dicitur.
1033 2974 1065 2983 -
1082 2945 1111 3000 e.
1131 2944 1273 3012 gingiuae
1287 2960 1362 3002 uere

185 3035 307 3105 ploxeni
332 3033 424 3089 habet
448 3034 573 3090 ueteris.
612 3033 728 3087 XXXIX
753 3039 797 3100 193
822 3032 939 3102 pluralis
964 3033 1120 3104 ‘gingiuae’
1146 3033 1361 3103 amplitudinem
1442 3092 1452 3110 ⁸

186 3126 317 3179 dentibus
341 3123 500 3178 enormibus
524 3125 737 3177 conuenientem
763 3123 893 3187 denotat,
918 3124 952 3176 ci.
978 3126 1007 3177 et
1031 3123 1135 3177 Neuius
1160 3122 1171 3174 l
1196 3142 1223 3194 p.
1243 3131 1296 3179 100
1320 3141 1361 3194 aq.

187 3213 360 3282 ‘ploxenum’
383 3243 414 3250 —
436 3229 499 3264 nam
523 3213 594 3265 haec
616 3213 707 3265 forma
726 3229 743 3265 a
763 3211 937 3277 Quintiliano
956 3213 1117 3280 exhibetur,
1142 3213 1187 3268 cui
1206 3214 1240 3282 V,
1258 3214 1288 3268 in
1307 3231 1362 3285 quo

188 3302 323 3372 ‘ploxeni’
349 3300 462 3354 uidetur
486 3301 585 3368 inisse,
608 3301 638 3354 11
661 3302 741 3355 tanto
767 3302 968 3356 elementorum
994 3303 1032 3356 ‘a’
1058 3305 1088 3357 et
1111 3302 1151 3357 ‘0’
1177 3303 1362 3360 similitudine

186 3389 311 3458 accedit,
337 3390 504 3459 ‘ploxinum’
531 3392 630 3444 contra
653 3407 670 3442 a
694 3391 777 3444 Festo
802 3421 834 3429 —
860 3392 903 3445 111
926 3408 981 3446 uox
1003 3391 1108 3461 gallica
1127 3392 1242 3460 (testim.
1262 3393 1320 3448 uol.
1339 3393 1362 3462 l)

187 3480 347 3551 significans
371 3497 486 3550 capsum
506 3481 588 3549 (Vitr.
609 3479 633 3533 X
652 3487 677 3546 9,
696 3483 725 3548 9)
750 3478 832 3534 coriis
856 3481 976 3547 tectum,
999 3480 1028 3534 in
1052 3495 1107 3549 qao
1132 3481 1249 3537 sedebat
1267 3483 1363 3537 uector

188 3571 248 3627 cisii
269 3572 328 3624 siue
347 3571 467 3626 rhaedae
487 3569 595 3640 regioni
616 3571 746 3625 Padanae
765 3569 907 3639 propriae,
932 3568 1011 3623 cuius
1029 3568 1181 3639 imaginem
1201 3568 1267 3625 uide
1286 3572 1362 3640 apud

190 3661 318 3713 liichium
343 3664 375 3728 (s.
400 3678 426 3714 1.
453 3662 576 3730 ‘plox.’);
600 3661 675 3729 quod
700 3659 801 3714 dicitur
826 3659 928 3713 ‘uetus’
950 3658 1050 3728 (1191)
1074 3664 1174 3729 utpote
1197 3677 1249 3713 usn
1272 3660 1363 3715 multo

189 3749 323 3802 detritum
334 3749 416 3803 coriis
425 3752 564 3819 pertunsis
573 3748 762 3818 foedatisque;
773 3748 1008 3817 comparationem
1017 3747 1082 3802 inde
1090 3748 1213 3817 explicat
1221 3745 1359 3812 lVossius,

189 3839 262 3905 quod
284 3838 430 3892 ‘Aemilius
450 3835 539 3892 οὔλων
568 3836 722 3893 ἀποστάσει
745 3837 886 3891 laborauit
909 3837 938 3889 et
963 3839 1136 3903 zaoootldrrc
1158 3839 1187 3892 11
1210 3833 1361 3897 {noverea

189 3927 301 3993 babuit,
330 3927 441 3994 quando
474 3946 573 3998 nempe
606 3927 740 3998 gingiuae
772 3943 790 3979 a
821 3925 951 3979 dentibus
980 3924 1115 3980 recedunt
1142 3928 1171 3979 11
1199 3924 1361 3995 purulentas

190 4017 280 4083 agunt
307 4015 432 4082 fissuras,
461 4017 535 4069 unde
563 4016 637 4069 dirus
666 4019 694 4069 ct
722 4014 837 4086 pestifer
865 4014 953 4068 oritur
978 4013 1102 4068 halitna’.
1128 4043 1161 4052 -
1187 4014 1214 4070 7.
1238 4014 1360 4070 rictuni.

189 4105 363 4171 aperturam,
387 4107 419 4157 ut
439 4104 504 4160 Hor.
528 4106 579 4158 sat.
600 4105 612 4157 i
634 4110 673 4171 10,
694 4111 717 4158 7.
740 4135 771 4143 -
794 4103 824 4173 1,
850 4102 879 4156 8.
903 4101 1022 4168 qualem
1047 4100 1193 4154 deiferam
1218 4101 1249 4155 Ιι
1273 4104 1360 4158 aestu

190 4190 330 4245 meientis
350 4193 448 4246 niniae
472 4207 587 4246 cunnus
611 4192 721 4246 habere
746 4192 833 4246 11111.
877 4190 1025 4246 ‘defessus'
1045 4188 1092 4259 (a)
1116 4187 1202 4256 uulgo
1225 4188 1361 4258 scribunt,

190 4280 264 4348 quod
285 4280 410 4350 Scaliger
430 4283 470 4335 sio
484 4282 611 4336 defendit
626 4281 704 4335 ‘fassi
717 4281 787 4335 muli
803 4280 921 4350 strigare
936 4281 1034 4348 solent,
1053 4279 1079 4332 h.
1095 4294 1118 4333 a.
1133 4277 1360 4348 interquiescere,

190 4371 222 4423 ut
240 4369 353 4436 metant,
374 4371 457 4438 idque
473 4375 522 4425 aut
535 4371 562 4425 in
578 4375 659 4426 aestu
673 4371 765 4426 11111
779 4369 887 4425 difficili
901 4370 970 4424 uia’.
1008 4368 1080 4422 unde
1093 4365 1209 4421 minime
1223 4366 1359 4437 requitur,
