2940 4912
208 314 251 392 36
714 325 835 378 111-1v
859 332 882 380 1.

208 488 289 544 Ouid.
310 506 363 543 sm.
380 488 458 554 1116,
474 493 508 541 o'l
527 488 594 556 quid
612 489 659 554 fles
677 491 702 540 et
720 486 845 540 madidos
863 484 938 554 (lege
955 486 1070 553 nitidos)
1090 484 1211 540 lacrimis
1229 484 1382 553 corrumpis

207 580 301 634 ocellos
320 583 349 632 66
367 577 402 630 ud
422 577 514 631 locum
529 578 655 631 nostrum
670 575 805 629 adludens
825 575 919 628 quen.
935 581 960 641 6,
976 581 990 628 7
1012 591 1060 629 666
1078 575 1143 640 tibi,
1162 575 1241 628 cuius
1255 574 1381 627 turbauit

207 667 281 737 (lege
300 667 438 734 turpauit)
457 666 561 719 nitidos
580 665 715 719 extinctus
730 680 827 732 passer
845 664 947 717 ocellos.
979 665 1115 731 ceterum,
1131 662 1153 716 si
1168 680 1223 730 quo
1238 660 1296 716 alio
1311 662 1382 727 loco,

206 757 261 812 hoo
279 759 397 826 apparet
416 752 651 809 deminuliuorum
673 769 763 819 umor,
789 770 845 821 quo
864 753 992 806 cantores
1011 751 1198 822 Euphorionis
1218 751 1382 821 flagrabant,

208 845 346 914 siquidem
361 842 445 898 simul
460 847 488 897 66
502 842 673 897 adieciiuum
693 846 722 896 et
741 841 949 895 substautiuum
969 841 1120 895 formatum
1139 843 1184 895 666
1202 841 1383 907 deminutiue,

210 935 285 1003 quod
303 932 475 988 rarissimum
496 933 540 986 esi
557 929 603 998 (cl.
622 930 698 984 XXV
718 937 734 984 2
753 932 840 984 imula
859 931 981 996 orieilla,
1000 929 1087 984 LXIV
1107 933 1178 998 316).

280 1024 340 1077 Ηο6
364 1038 474 1091 quoquo
498 1037 610 1074 carmen
633 1019 715 1074 ualde
739 1023 800 1073 erut
823 1018 1017 1073 nobilitatum:
1046 1020 1082 1073 ob
1106 1020 1202 1074 oculos
1225 1019 1385 1073 habuerunt

210 1111 326 1167 Ouidius
346 1128 399 1165 am.
417 1111 441 1164 11
462 1116 490 1177 6,
514 1109 602 1163 Stella
616 1109 709 1176 (Mart.
726 1107 776 1162 v11
793 1115 834 1176 14,
850 1115 878 1163 5:
898 1108 933 1163 cf.
953 1125 1038 1179 supra
1051 1109 1087 1163 ed
1103 1126 1126 1164 c.
1140 1109 1176 1178 1),
1197 1108 1304 1163 Statius
1323 1109 1384 1163 silu.

212 1203 235 1256 11
260 1208 276 1254 4
302 1204 330 1254 66
356 1200 475 1253 fortusse
501 1198 653 1268 Septimius
678 1199 797 1251 Serenus
821 1197 919 1267 (until.
944 1198 1057 1252 Nomai.
1082 1198 1125 1253 ed.
1151 1197 1271 1253 LMuell.
1295 1216 1321 1267 p.
1342 1204 1384 1263 46,

210 1292 313 1360 fragm.
334 1296 364 1343 11
386 1292 415 1342 66
435 1291 491 1356 12);
511 1304 561 1342 nee
581 1288 640 1341 6166
660 1287 719 1341 6166
738 1287 929 1342 recordatione
950 1288 1071 1356 scriptus
1090 1291 1133 1342 est
1152 1288 1250 1342 6166166
1270 1287 1383 1356 quidum

211 1399 236 1435 6.
258 1384 326 1434 1866
346 1377 375 1432 16
394 1376 488 1432 Gellia
507 1379 645 1447 repertus,
665 1395 747 1445 quem
767 1378 880 1432 saeculo
898 1395 925 1446 p.
943 1377 1006 1432 Chr.
1025 1396 1052 1431 6.
1072 1376 1155 1433 alteri
1174 1378 1210 1432 ob
1227 1376 1384 1432 litterarum

211 1470 315 1524 formes
335 1468 494 1523 attribuunt
511 1467 610 1520 hurum
634 1483 726 1521 rerum
745 1466 837 1535 periti.
874 1466 1083 1522 aMommseno
1103 1466 1269 1538 [Hermael
1292 1485 1319 1536 p.
1339 1467 1385 1537 68]

211 1558 316 1613 editum
337 1557 382 1611 hic
401 1558 539 1626 repetem:

480 1645 569 1716 Quam
587 1645 676 1699 eluiem
694 1644 750 1710 fuit
768 1645 835 1710 ista,
854 1660 936 1713 quam
955 1645 1088 1714 benipna,

480 1734 556 1805 Quem
574 1750 634 1788 eum
652 1733 771 1799 uiueret,
790 1735 823 1786 in
840 1733 904 1787 sinn
923 1734 1030 1787 iacebat

479 1823 575 1878 Somni
593 1822 702 1877 conscia
719 1838 822 1891 semper
840 1827 864 1876 et
882 1823 990 1877 cubilis.

483 1912 506 1966 0
522 1913 628 1979 sactum
646 1912 729 1977 male,
748 1911 843 1982 Myia,
861 1912 934 1980 quod
947 1912 1063 1981 peristi!

480 2001 616 2055 Leti-aree
633 2001 725 2066 modo,
743 2001 831 2069 siquis
849 2001 997 2056 adcubaret

481 2090 595 2144 Riualis
612 2090 738 2144 dominae
756 2091 903 2146 licentiosa.

485 2179 508 2234 O
525 2181 630 2247 sactum
647 2179 730 2244 male,
749 2178 844 2248 Misia,
863 2180 936 2249 quod
950 2181 1066 2248 peristi!

483 2270 578 2325 Altum
596 2270 653 2322 inm
671 2272 741 2322 tenet
758 2270 875 2324 insciam
893 2269 1061 2338 sepulcrum,

483 2358 542 2414 Nec
559 2358 648 2413 seuire
664 2364 740 2426 potes
758 2375 806 2413 nce
824 2360 932 2413 insilire

483 2447 541 2503 Nec
559 2447 669 2502 blandis
687 2448 754 2501 mihi
771 2448 905 2503 mmsihus
923 2449 1038 2504 renides.

218 2538 252 2592 cf.
280 2540 309 2592 66
333 2538 418 2592 Anth.
446 2537 495 2592 166.
520 2537 592 2606 Mey.
621 2542 699 2605 1166,
727 2543 737 2589 1
766 2543 885 2605 ereptam
916 2539 1052 2592 uolucrem
1078 2536 1186 2606 Cupido
1211 2538 1296 2605 lupet,
1325 2537 1393 2593 ibid.

220 2630 301 2679 1459:
327 2626 382 2678 Dis
400 2627 508 2681 auibus.
539 2625 690 2680 Lusciniae
710 2625 902 2692 Philumenae,
920 2644 954 2681 ec
972 2628 1084 2682 auiario
1101 2624 1292 2682 Domitiorum.
1330 2629 1393 2681 sele·

219 2720 289 2782 ctae,
317 2715 488 2780 uersicolori,
514 2715 725 2783 pulcherrimae,
751 2716 899 2769 certatrici
926 2717 1121 2784 manissime,
1145 2718 1270 2771 omnihus
1293 2717 1395 2786 pretiis

219 2804 256 2856 ael
274 2804 391 2871 dipitum
406 2803 568 2871 pipilianti‚
587 2804 618 2856 in
633 2803 732 2870 poculo
751 2802 889 2857 Murhino
908 2810 992 2873 eaput
1010 2804 1145 2872 alluenti,
1164 2803 1312 2872 infeliciter
1329 2806 1394 2859 suh·

221 2907 330 2946 mersae.
354 2893 406 2946 heu
419 2891 524 2946 6166116
538 2892 667 2946 auleolo!
688 2893 753 2945 hine
767 2892 831 2946 inde
840 2893 988 2958 uolitahas,
1002 2898 1059 2947 toto
1068 2893 1194 2962 parrula,
1205 2897 1261 2947 tota
1275 2893 1395 2961 festina!

220 2979 316 3034 latitas
333 2980 411 3034 modo
425 2981 497 3036 inter
510 2982 593 3050 pulla
607 2981 743 3051 Leptynes
757 2983 951 3051 loculamenta,
965 2984 1112 3052 implumis,
1125 2983 1277 3052 fripidula,
1291 2986 1395 3040 eleusis

220 3070 325 3124 ocellis!
361 3070 476 3125 Licinia
499 3070 662 3125 Philumena
685 3072 798 3126 deliciae
820 3088 900 3139 suae,
923 3073 1051 3127 alumnae
1075 3073 1246 3139 carissimae,
1263 3091 1345 3142 quam
1364 3076 1396 3128 in

220 3160 285 3214 sinu
299 3160 423 3228 pastillis
446 3160 548 3224 olebat,
571 3161 602 3214 in
623 3162 740 3229 proprio
762 3162 887 3215 eubiculo
911 3162 1068 3216 lacrumans
1087 3163 1191 3230 posuit.
1227 3162 1311 3228 haue,
1331 3165 1396 3217 auis

223 3250 435 3315 iocundissima,
455 3266 523 3318 qnae
537 3250 604 3303 mihi
622 3251 721 3305 uolans
738 3251 821 3305 obuia
835 3251 936 3306 hlando
951 3267 1105 3319 personans
1119 3251 1226 3306 rostello
1240 3252 1319 3306 toties
1332 3252 1397 3306 ceci·

224 3339 293 3393 nisti
312 3339 420 3393 ‘solue'.
459 3356 538 3404 caue,
556 3339 632 3405 ouis,
652 3340 720 3393 onia
738 3339 867 3394 Auerna:
885 3340 948 3394 nale
966 3345 990 3394 ct
1008 3341 1074 3395 uolo
1089 3357 1140 3409 per
1158 3339 1304 3410 Elysium!

455 3429 492 3482 In
511 3446 595 3483 cauea
611 3430 690 3496 picta
707 3430 814 3483 saltans
833 3445 902 3498 quae
920 3430 997 3483 dulce
1016 3430 1144 3496 canebat,

492 3519 577 3572 Muta
595 3519 734 3573 tenebrosa
753 3535 828 3572 nnnc
846 3519 916 3572 iacet
934 3520 966 3572 in
984 3536 1076 3573 caneo.

223 3613 347 3666 ceterum
367 3611 465 3679 suapte
488 3611 589 3662 natura
611 3608 695 3677 plane
714 3607 830 3662 dubium
849 3610 905 3674 esi,
930 3625 984 3676 quo
1008 3611 1136 3677 tempore
1159 3608 1213 3663 hoc
1232 3606 1396 3677 poemation

224 3699 261 3753 616
279 3700 419 3768 scriptum.
458 3697 507 3750 sed
526 3695 702 3766 Weslphulio
721 3698 788 3766 post
805 3714 829 3750 6.
849 3702 883 3750 60
903 3696 1087 3766 compositum
1106 3695 1177 3751 illud
1196 3695 1309 3766 putenti
1328 3714 1394 3765 pro·

224 3789 322 3856 phorce
340 3787 423 3840 fldem
442 3803 499 3840 nou
518 3786 620 3853 habeo,
640 3785 715 3854 quod
733 3789 795 3839 tum
814 3786 897 3854 longe
916 3784 974 3840 6116
992 3788 1022 3840 66
1040 3786 1172 3855 grauiora
1189 3785 1299 3855 agenda
1315 3790 1398 3839 66661

225 3874 335 3930 Catullo
354 3893 437 3943 quam
457 3879 576 3930 mortem
595 3874 749 3945 passerculi
768 3875 882 3941 deflere,
902 3874 978 3929 bellu
991 3873 1100 3929 seilicet
1113 3891 1177 3929 cum
1194 3873 1330 3930 riualibus
1345 3892 1397 3944 pro

225 3963 319 4036 puelle
333 3981 384 4018 666
398 3963 556 4033 pugnanda.
583 3981 672 4032 neque
687 3965 744 4019 alio
759 3982 841 4034 quam
858 3964 948 4032 primo
962 3963 1066 4018 amoris
1081 3963 1157 4018 illius
1170 3967 1297 4034 tempore
1310 3980 1399 4018 66666

224 4055 279 4109 hoc
289 4069 401 4108 carmen
411 4052 573 4122 prouenisse
584 4053 739 4120 statuerim,
749 4054 802 4108 boc
813 4056 863 4120 est,
872 4053 930 4107 fere
941 4053 1039 4108 eodem
1049 4070 1104 4122 quo
1116 4071 1155 4108 ce.
1165 4051 1188 4107 V
1200 4056 1230 4107 66
1237 4051 1288 4105 Vll
1296 4053 1398 4123 spello.

780 4208 837 4264 IV.

298 4323 326 4378 1.
348 4321 507 4377 Phasellus
526 4320 596 4394 1116,
617 4334 704 4388 quem
724 4320 851 4393 uidetis,
871 4319 1017 4390 hospites.
1046 4318 1191 4387 quaeritur
1209 4319 1400 4387 6666661616,

229 4429 376 4483 quemnam
395 4413 481 4482 posis
499 4411 569 4466 haec
587 4409 674 4465 uerba
692 4409 780 4463 facist
794 4411 963 4478 loquentem.
991 4425 1048 4463 nou
1067 4408 1199 4464 dubitant
1216 4408 1312 4479 uulgo,
1330 4409 1401 4479 quin
