2940 4912
573 327 611 381 vl
632 334 742 382 is-is.
780 328 875 383 V111.
1266 330 1327 393 103

150 491 348 560 Ineptlnrum.
378 489 433 544 nisi
449 488 565 544 stultum
585 505 709 543 amorem
728 489 856 555 secteris3
876 487 911 544 cf.
929 489 1070 558 ‘ineptire’
1088 489 1153 544 VIII
1169 499 1197 556 ις
1217 493 1328 561 saepius

149 580 183 635 de
197 597 296 634 amore
312 579 473 645 ‘stultitia’,
491 580 524 632 ut
537 577 629 632 Plaut.
644 578 712 633 (list
727 578 739 630 1
756 585 779 645 1,
795 584 837 646 64,
856 579 938 634 Most.
954 577 979 631 V
993 587 1018 644 2,
1033 584 1076 645 35,
1096 578 1171 633 Triu.
1186 580 1211 632 Π
1225 586 1251 649 4,
1270 587 1327 636 108.

150 701 181 709 -
202 670 249 724 15.
273 683 389 740 quare,
412 667 560 736 quidquid
584 667 677 722 habes
701 667 772 722 boni
796 667 945 739 malique,
969 668 1018 723 dic
1041 667 1140 722 nubis.
1178 687 1244 739 ergo
1264 686 1327 723 oum

150 759 204 812 iam
223 756 404 812 dissimulare
422 773 561 826 nequeas,
580 755 719 811 amiculae
740 755 953 827 qualiscumque
973 775 1075 811 nomen
1094 757 1153 812 ede.
1181 757 1210 812 in
1229 759 1326 813 eadem

149 866 177 902 re
196 848 262 902 Hor.
284 847 330 901 od.
350 846 361 899 1
381 853 424 913 11,
446 851 477 900 17
497 847 633 914 quidquid
650 847 745 911 Italics,
764 863 828 914 aye,
848 847 950 915 depone
969 847 1037 899 tutis
1055 848 1183 913 auribus,
1202 848 1256 901 hoc
1274 851 1326 914 est,

149 953 356 1006 quamcumque
374 933 497 989 amicam
515 934 643 1004 possides
662 938 796 1003 leuesque
813 935 858 1003 (cf.
873 934 967 988 Burm.
982 934 1018 988 ad
1034 934 1114 989 Ouid.
1130 953 1182 989 am.
1199 936 1237 989 III
1254 943 1295 1004 12,
1310 943 1326 990 6

148 1044 207 1082 cum
225 1028 323 1080 multis
340 1040 436 1080 uereor
452 1041 488 1077 ne
509 1027 545 1077 sit
567 1025 693 1078 lrabendu
711 1024 798 1091 milri).
837 1024 886 1078 sed
904 1023 1013 1093 inepte,
1033 1024 1057 1077 si
1076 1025 1099 1080 V
1118 1024 1259 1092 audimus,
1279 1027 1325 1080 ad·

147 1117 251 1170 iactum
271 1118 316 1169 est
335 1114 414 1168 ‘boni
433 1112 584 1181 malique’3
604 1114 633 1166 in
653 1131 709 1182 quo
724 1132 790 1167 usus
808 1112 922 1182 quidem
936 1113 1063 1167 neutrius
1080 1114 1193 1168 ‘bonum
1209 1115 1325 1168 malum·

147 1205 215 1274 que’
237 1209 285 1272 (a
305 1204 381 1257 bona
404 1203 536 1270 malaque
558 1201 674 1270 femina)
694 1204 809 1271 apertus
832 1206 875 1256 est
898 1204 997 1271 utpote
1021 1220 1054 1257 ex
1074 1203 1242 1271 ‘quidquid'
1262 1221 1326 1274 pro·

147 1295 234 1350 tuens
253 1295 351 1361 (Prop.
371 1293 383 1346 Ι
402 1299 429 1358 9,
443 1297 490 1357 ³43
512 1297 552 1358 13,
570 1297 602 1345 la
622 1293 652 1346 et
664 1298 712 1358 363
732 1291 817 1358 llas,
834 1293 891 1361 18),
911 1292 959 1345 sed
979 1293 1082 1361 copula
1098 1293 1174 1361 ‘que‘
1196 1293 1324 1348 absurda.

147 1399 280 1454 compara
298 1381 352 1435 XV
372 1388 405 1436 10
428 1382 527 1447 infesto
547 1382 644 1449 prieris
663 1382 740 1435 bonis
763 1382 907 1449 malisque,
933 1381 986 1434 hoc
1005 1383 1062 1446 est,
1086 1382 1145 1435 sine
1165 1382 1325 1437 discrimine

148 1474 291 1537 omnibus,
311 1472 371 1524 tam
390 1469 472 1524 bouis
491 1487 576 1538 quam
594 1468 690 1523 malis:
711 1469 843 1538 copulam
862 1470 890 1522 iu
910 1486 1013 1539 magna
1032 1471 1115 1539 copia
1132 1470 1326 1526 indifferenter

146 1561 244 1616 habim
263 1578 318 1615 usu
338 1558 434 1613 uenire
453 1575 601 1628 agnosces,
619 1575 755 1627 agnosces
773 1561 869 1613 nostro
889 1559 965 1626 loco,
987 1558 1034 1612 ubi
1054 1559 1196 1615 sententia
1214 1560 1327 1631 flagitat

148 1652 221 1706 ‘siue
240 1650 372 1720 pulcram
394 1649 454 1703 siue
477 1647 587 1703 foedam
613 1647 747 1702 feminam
767 1647 890 1717 diligis’,
910 1651 1067 1702 necessario
1093 1650 1195 1703 debere
1214 1649 1327 1704 restitui

146 1740 315 1810 curticulam
335 1736 535 1792 disiunctiuam
556 1739 613 1791 ‘ue’
634 1738 788 1792 sexcenties
803 1755 820 1791 a
834 1738 932 1791 scribis
947 1755 1011 1791 cum
1027 1739 1106 1806 ‘que'
1122 1741 1325 1809 permutatam:

147 1829 228 1886 ‘boni
247 1828 382 1883 maliue'.
403 1857 438 1867 -
459 1827 505 1882 16.
529 1827 600 1882 uolo
620 1828 650 1881 tc
674 1842 709 1881 uc
733 1829 801 1882 tuos
821 1841 939 1882 amores
958 1827 996 1881 ud
1016 1828 1132 1882 caelum
1151 1828 1254 1897 Iopldo
1273 1845 1324 1884 uo·

144 1935 212 1975 mre
230 1933 339 1973 uersu.
367 1917 550 1970 uehementer
568 1916 650 1985 cupio
670 1915 715 1983 (cf.
735 1916 838 1969 XXXV
856 1923 880 1982 5,
899 1915 988 1970 XLIV
1006 1923 1046 1984 10,
1067 1917 1137 1974 Stat.
1153 1919 1215 1974 silu.
1230 1918 1243 1971 I
1258 1927 1282 1986 a,
1297 1922 1324 1988 9)

144 2016 171 2064 Ic
187 2012 218 2063 ct
235 2007 377 2061 feminum
397 2009 474 2060 tuam
493 2007 570 2073 (uam
589 2006 624 2060 de
643 2005 752 2059 amasia
770 2021 882 2075 semper
902 2005 1033 2060 ‘amores’
1054 2008 1185 2075 pluralis,
1205 2008 1240 2063 cs.
1259 2008 1283 2063 X
1300 2016 1323 2076 1,

144 2098 188 2152 XL
209 2104 235 2162 7,
254 2095 332 2150 XLV
354 2101 382 2160 1,
402 2095 490 2149 LXIV
510 2102 552 2162 ai,
577 2098 610 2149 ut
632 2096 666 2149 de
691 2112 778 2165 puero
798 2095 849 2148 XV
871 2098 895 2163 l)
916 2094 1058 2150 celebrare
1082 2098 1205 2152 carmine
1228 2099 1324 2153 iocoso

143 2190 292 2256 facetoque
311 2185 359 2255 (cf.
379 2186 415 2239 ad
436 2183 516 2239 (loru.
538 2192 561 2252 1,
581 2185 664 2239 etde
684 2184 819 2254 singulari
839 2183 988 2239 collectiuo
1008 2185 1112 2240 rariora
1133 2188 1216 2255 Verg.
1233 2187 1264 2242 G.
1283 2188 1324 2242 III

144 2283 192 2331 339
211 2277 283 2347 qnid
298 2291 408 2343 pascuo
425 2290 508 2328 uersu
525 2275 698 2342 prosequor),
723 2272 844 2326 amIcum
865 2273 996 2327 nimirum
1022 2273 1141 2328 incItaus
1161 2276 1241 2329 etde
1261 2293 1324 2345 pro·

145 2366 224 2421 missi
243 2367 302 2420 fide
321 2365 443 2418 fortasse
462 2379 574 2417 securus
593 2366 735 2432 postremo
758 2360 863 2415 adiecit
882 2360 1021 2429 Catullus,
1041 2380 1095 2431 quo
1119 2366 1221 2417 centias
1244 2364 1324 2419 iudu-

146 2460 221 2509 ceret
239 2452 310 2507 talis
328 2448 448 2522 praeiuii
467 2451 608 2521 cupidum.
638 2451 686 2504 sed
707 2450 782 2517 quod
800 2448 858 2503 dixi
878 2450 1054 2515 ‘celebrare’,
1074 2452 1224 2520 utcumque
1240 2454 1323 2509 elicui

143 2562 173 2597 u
195 2543 296 2599 uerbis
319 2542 467 2596 intellectu
491 2540 674 2595 difficillimis.
717 2538 746 2592 iu
769 2540 871 2608 uulgus
896 2542 980 2593 notae
1003 2544 1069 2594 suut
1091 2541 1246 2596 locutiones
1272 2544 1322 2596 ‘ad

142 2634 249 2688 melum
270 2631 373 2687 tollere
393 2630 490 2699 (ferre,
510 2631 640 2699 efferre)’,
662 2630 714 2683 ‘ire
729 2629 827 2698 (abire)
848 2629 883 2682 ad
898 2629 1029 2695 caelum’,
1050 2629 1169 2683 ‘caelum
1185 2634 1323 2701 taugerc',

143 2725 211 2779 ‘mse
231 2722 325 2792 (poni)
345 2722 373 2776 in
393 2721 484 2775 caelo’
506 2720 681 2788 similesque;
704 2719 752 2773 sed
772 2735 869 2772 omnes
887 2718 966 2772 uerbi
987 2719 1080 2773 ‘uoco’
1103 2719 1320 2789 significationes

142 2814 205 2866 dum
226 2812 386 2881 perpendo,
406 2827 490 2879 quum
510 2810 556 2863 hic
575 2811 686 2863 subesse
712 2808 803 2862 dicam
822 2825 878 2861 uon
897 2808 1023 2871 inuenio;
1049 2810 1136 2863 ueluti
1156 2810 1237 2864 nihili
1257 2815 1322 2865 crint

143 2905 308 2972 comparata
326 2918 344 2954 a
362 2900 466 2968 Vulpio
487 2898 669 2953 Ciceroniana
689 2900 800 2952 ‘uocare
826 2899 860 2951 ad
882 2897 984 2964 uitam,
1004 2899 1138 2965 salutem,
1158 2899 1319 2969 utilitatem,

144 2991 257 3045 esitium
278 2996 309 3044 et
328 2989 510 3043 uastitatom’
533 2989 596 3057 (hoc
620 2993 675 3053 est,
701 2987 839 3040 adducere
863 2988 891 3040 in
911 2989 1014 3040 statum
1040 2986 1152 3054 salutis,
1172 2992 1261 3056 cett.):
1286 2992 1322 3044 ad

145 3081 250 3135 eaelum
270 3096 374 3133 uocare
395 3079 488 3148 potest
507 3096 547 3131 ex.
568 3096 608 3145 gr.
629 3075 756 3144 luppiter
775 3076 841 3128 deos
861 3077 889 3129 in
908 3075 991 3129 terris
1011 3081 1155 3131 uersantes
1175 3080 1210 3131 ad
1231 3081 1321 3134 couci·

144 3170 208 3223 lium
233 3185 390 3224 accersens.
433 3167 582 3237 scripsItne
606 3170 691 3235 pocta
716 3165 768 3217 ‘ad
793 3166 905 3218 couam’
933 3166 978 3231 (cI.
1004 3166 1115 3220 Terent.
1136 3168 1220 3220 Andr.
1240 3172 1321 3237 453)?

141 3260 211 3326 quod
236 3277 296 3314 non
319 3258 498 3312 intellectum
524 3275 583 3310 esse
606 3273 624 3309 a
649 3254 770 3308 librarIis
794 3255 834 3307 nil
860 3254 960 3308 mirum
979 3258 1023 3309 est
1045 3256 1073 3309 iu
1093 3256 1189 3311 addIto
1211 3257 1321 3326 ‘lepido

143 3350 247 3413 παῦ’,
276 3364 347 3416 quo,
374 3346 428 3400 uisi
455 3346 550 3412 fallor,
580 3345 707 3398 Catullus
732 3342 892 3412 epistolium
918 3345 1059 3412 quoddam
1083 3344 1267 3413 significauit,
1292 3349 1320 3400 iu

143 3439 209 3504 quod
231 3438 291 3491 iam
310 3440 404 3489 mente
424 3440 554 3504 paratum
574 3435 674 3489 habuit
692 3435 778 3487 saleni
798 3434 920 3487 facetum
940 3453 973 3486 cr
988 3451 1016 3486 re
1032 3433 1094 3503 ipsa
1109 3435 1237 3502 petitum.
1271 3436 1320 3488 scd

144 3538 170 3578 at
187 3530 286 3595 posset
306 3528 336 3579 et
355 3542 454 3579 uocare
478 3542 526 3578 eos
548 3524 586 3577 ad
607 3541 702 3577 cenam
728 3526 757 3576 et
776 3523 937 3591 epistolium
963 3523 1096 3588 scribere,
1122 3523 1218 3590 utique
1238 3541 1319 3591 opor-

143 3619 217 3674 abac
236 3616 319 3669 illum
340 3615 409 3668 scire
429 3631 529 3669 nomen
549 3615 679 3666 amasiae.
709 3617 738 3665 et
756 3614 876 3666 fortasse
891 3612 1028 3681 promissa
1044 3612 1117 3665 bona
1135 3629 1205 3666 cena
1224 3611 1315 3668 maius

144 3708 201 3760 nuic
211 3705 314 3760 Flauio
325 3705 539 3759 incitamentum
550 3720 634 3772 quam
645 3719 757 3757 carmen
768 3704 924 3756 aeternum!
945 3705 1067 3756 ceterum
1082 3702 1147 3757 uide
1162 3703 1198 3756 ad
1209 3719 1231 3757 c.
1242 3701 1315 3760 XIII.

691 3856 765 3912 VII.

209 3978 242 4047 1,
268 3975 299 4030 2.
325 3973 469 4048 Quaem,
493 3973 568 4039 quot
592 3971 664 4024 nillil
689 3969 874 4024 Iiuslatloues
898 3971 983 4041 tuae,
1008 3971 1130 4042 Lesbia,
1156 3973 1219 4027 slnt
1242 3973 1318 4026 satis

144 4078 303 4135 superque.
335 4063 473 4116 artissime
488 4063 541 4114 Iioc
556 4077 668 4113 carmen
683 4078 745 4113 cum
762 4077 784 4113 c.
801 4059 824 4111 V
841 4062 979 4114 cohaeret.
1008 4079 1062 4128 quo
1083 4066 1197 4130 accepto
1219 4061 1320 4114 Lesbia

145 4174 188 4223 prr
214 4152 381 4224 epistolium
409 4151 550 4218 quoddam
576 4150 667 4203 iocose
696 4167 729 4203 ex
756 4149 862 4203 amasio
889 4151 1079 4217 quaesiuerit,
1110 4153 1179 4219 quot
1204 4149 1318 4203 taudem

142 4244 226 4299 uellet
244 4242 341 4303 basim
362 4240 477 4294 difficile
496 4240 584 4306 cuim,
604 4258 638 4292 cx
657 4239 716 4292 eius
735 4239 828 4293 uerbis
848 4238 964 4293 definire
983 4258 1138 4294 numerum.
1169 4240 1213 4292 cui
1233 4240 1317 4293 inter-

143 4334 281 4403 rogationi
300 4331 358 4385 iam
378 4332 536 4399 respondet,
576 4330 611 4383 ad
631 4329 700 4382 illud
722 4328 854 4395 ‘quaeris’
877 4333 951 4383 recte
972 4328 1090 4396 Vulpius
1110 4330 1217 4382 confert
1238 4330 1318 4397 l‘rop.

143 4420 163 4474 II
182 4430 205 4489 l,
227 4430 255 4485 1,
277 4421 301 4476 II
323 4426 368 4487 31,
390 4425 419 4484 1,
438 4418 476 4472 III
498 4426 540 4486 13,
562 4426 584 4473 1.
619 4435 672 4472 uox
693 4418 836 4471 ‘basiatio’
859 4435 914 4472 non
934 4421 1067 4487 conparet
1086 4422 1150 4472 autc
1170 4417 1318 4482 Catullum,
