<?xml version="1.0" encoding="UTF-8"?>
<!DOCTYPE html PUBLIC "-//W3C//DTD XHTML 1.0 Transitional//EN"
    "http://www.w3.org/TR/xhtml1/DTD/xhtml1-transitional.dtd">
<html xmlns="http://www.w3.org/1999/xhtml" xml:lang="en" lang="en">
 <head>
  <title>
</title>
<meta http-equiv="Content-Type" content="text/html;charset=utf-8" />
  <meta name='ocr-system' content='tesseract 3.04.00' />
  <meta name='ocr-capabilities' content='ocr_page ocr_carea ocr_par ocr_line ocrx_word'/>
</head>
<body>
  <div class='ocr_page' id='page_1' title='image "./catulliveronens00baehgoog_0254.png"; bbox 0 0 2940 4912; ppageno 0'>
   <div class='ocr_carea' id='block_1_1' title="bbox 655 325 1323 393">
    <p class='ocr_par' dir='ltr' id='par_1_1' title="bbox 655 325 1323 393">
     <span class='ocr_line' id='line_1_1' title="bbox 655 325 1323 393; baseline 0 -15"><span class='ocrx_word' id='word_1_1' title='bbox 655 325 730 378; x_wconf 81' lang='grc' dir='ltr'>ιιιιι</span> <span class='ocrx_word' id='word_1_2' title='bbox 751 331 827 380; x_wconf 79' lang='lat' dir='ltr'><strong>r-o.</strong></span> <span class='ocrx_word' id='word_1_3' title='bbox 1260 327 1323 393; x_wconf 81' lang='lat'><strong>231</strong></span> 
     </span>
    </p>
   </div>
   <div class='ocr_carea' id='block_1_2' title="bbox 142 483 1327 4473">
    <p class='ocr_par' dir='ltr' id='par_1_2' title="bbox 142 483 1327 4473">
     <span class='ocr_line' id='line_1_2' title="bbox 159 483 1327 556; baseline 0.003 -17"><span class='ocrx_word' id='word_1_4' title='bbox 159 483 293 553; x_wconf 58' lang='lat' dir='ltr'><strong>puetis.</strong></span> <span class='ocrx_word' id='word_1_5' title='bbox 322 483 461 552; x_wconf 88' lang='lat' dir='ltr'><strong>siquidem</strong></span> <span class='ocrx_word' id='word_1_6' title='bbox 480 501 498 538; x_wconf 88' lang='lat' dir='ltr'><strong>a</strong></span> <span class='ocrx_word' id='word_1_7' title='bbox 516 483 597 538; x_wconf 90' lang='lat' dir='ltr'><strong>uobis</strong></span> <span class='ocrx_word' id='word_1_8' title='bbox 615 485 766 554; x_wconf 89' lang='lat' dir='ltr'><strong>impetrare</strong></span> <span class='ocrx_word' id='word_1_9' title='bbox 780 483 895 551; x_wconf 85' lang='lat' dir='ltr'><strong>saletis,</strong></span> <span class='ocrx_word' id='word_1_10' title='bbox 913 487 945 538; x_wconf 90' lang='lat' dir='ltr'><strong>ut</strong></span> <span class='ocrx_word' id='word_1_11' title='bbox 962 485 992 539; x_wconf 89' lang='lat' dir='ltr'><strong>id</strong></span> <span class='ocrx_word' id='word_1_12' title='bbox 1010 487 1194 556; x_wconf 86' lang='lat' dir='ltr'><strong>permittatis;</strong></span> <span class='ocrx_word' id='word_1_13' title='bbox 1213 489 1267 543; x_wconf 90' lang='lat' dir='ltr'><strong>nisi</strong></span> <span class='ocrx_word' id='word_1_14' title='bbox 1285 489 1327 543; x_wconf 91' lang='lat' dir='ltr'><strong>in·</strong></span> 
     </span>
     <span class='ocr_line' id='line_1_3' title="bbox 155 558 1325 651; baseline 0.003 -25"><span class='ocrx_word' id='word_1_15' title='bbox 155 573 313 643; x_wconf 75' lang='lat' dir='ltr'><strong>dignatione</strong></span> <span class='ocrx_word' id='word_1_16' title='bbox 328 558 450 651; x_wconf 68' lang='lat' dir='ltr'><strong>correpti</strong></span> <span class='ocrx_word' id='word_1_17' title='bbox 464 590 514 629; x_wconf 92' lang='lat' dir='ltr'><strong>uos</strong></span> <span class='ocrx_word' id='word_1_18' title='bbox 528 573 693 642; x_wconf 84' lang='lat' dir='ltr'><strong>prohibetis.</strong></span> <span class='ocrx_word' id='word_1_19' title='bbox 722 573 813 628; x_wconf 86' lang='lat' dir='ltr'>XXIX</span> <span class='ocrx_word' id='word_1_20' title='bbox 829 581 853 628; x_wconf 89' lang='lat'><strong>1.</strong></span> <span class='ocrx_word' id='word_1_21' title='bbox 869 604 901 614; x_wconf 92' lang='lat'>—</span> <span class='ocrx_word' id='word_1_22' title='bbox 922 577 951 629; x_wconf 87' lang='grc'><strong>6.</strong></span> <span class='ocrx_word' id='word_1_23' title='bbox 970 589 1197 645; x_wconf 81' lang='lat' dir='ltr'><strong>persequamur.</strong></span> <span class='ocrx_word' id='word_1_24' title='bbox 1224 579 1256 630; x_wconf 92' lang='lat' dir='ltr'><strong>ut</strong></span> <span class='ocrx_word' id='word_1_25' title='bbox 1270 578 1325 630; x_wconf 83' lang='lat' dir='ltr'><strong>dux</strong></span> 
     </span>
     <span class='ocr_line' id='line_1_4' title="bbox 155 660 1325 735; baseline 0.004 -20"><span class='ocrx_word' id='word_1_26' title='bbox 155 660 202 730; x_wconf 81' lang='lat' dir='ltr'>(C.)</span> <span class='ocrx_word' id='word_1_27' title='bbox 215 679 278 716; x_wconf 90' lang='lat' dir='ltr'><strong>cum</strong></span> <span class='ocrx_word' id='word_1_28' title='bbox 293 661 431 717; x_wconf 74' lang='lat' dir='ltr'><strong>militibus</strong></span> <span class='ocrx_word' id='word_1_29' title='bbox 444 663 550 731; x_wconf 85' lang='lat' dir='ltr'><strong>(bend.)</strong></span> <span class='ocrx_word' id='word_1_30' title='bbox 565 663 683 717; x_wconf 88' lang='lat' dir='ltr'><strong>hostem.</strong></span> <span class='ocrx_word' id='word_1_31' title='bbox 700 695 733 703; x_wconf 89' lang='lat'>—</span> <span class='ocrx_word' id='word_1_32' title='bbox 748 662 967 735; x_wconf 77' lang='lat' dir='ltr'><strong>rollagltenrus,</strong></span> <span class='ocrx_word' id='word_1_33' title='bbox 987 664 1124 719; x_wconf 71' lang='lat' dir='ltr'>instanter</span> <span class='ocrx_word' id='word_1_34' title='bbox 1137 681 1325 735; x_wconf 78' lang='lat' dir='ltr'><strong>reposcamus,</strong></span> 
     </span>
     <span class='ocr_line' id='line_1_5' title="bbox 153 746 1324 822; baseline 0.005 -19"><span class='ocrx_word' id='word_1_35' title='bbox 153 746 199 805; x_wconf 79' lang='grc' dir='ltr'><strong>ιῗπ.</strong></span> <span class='ocrx_word' id='word_1_36' title='bbox 213 755 268 820; x_wconf 70' lang='lat' dir='ltr'><strong>lep.</strong></span> <span class='ocrx_word' id='word_1_37' title='bbox 284 754 334 806; x_wconf 79' lang='lat' dir='ltr'><strong>est</strong></span> <span class='ocrx_word' id='word_1_38' title='bbox 350 782 383 791; x_wconf 92' lang='lat'>-</span> <span class='ocrx_word' id='word_1_39' title='bbox 401 751 429 806; x_wconf 78' lang='grc'><strong>7.</strong></span> <span class='ocrx_word' id='word_1_40' title='bbox 448 765 523 819; x_wconf 68' lang='lat' dir='ltr'><strong>quac</strong></span> <span class='ocrx_word' id='word_1_41' title='bbox 539 752 581 806; x_wconf 80' lang='lat' dir='ltr'><strong>sit</strong></span> <span class='ocrx_word' id='word_1_42' title='bbox 595 751 762 818; x_wconf 71' lang='lat' dir='ltr'><strong>quacrltlsl</strong></span> <span class='ocrx_word' id='word_1_43' title='bbox 790 751 960 807; x_wconf 74' lang='lat' dir='ltr'><strong>introductio</strong></span> <span class='ocrx_word' id='word_1_44' title='bbox 975 753 1211 822; x_wconf 75' lang='grc' dir='ltr'><strong>χαρακτηρισμοῦ.</strong></span> <span class='ocrx_word' id='word_1_45' title='bbox 1242 772 1324 822; x_wconf 84' lang='lat' dir='ltr'><strong>quae·</strong></span> 
     </span>
     <span class='ocr_line' id='line_1_6' title="bbox 152 839 1324 912; baseline 0.003 -18"><span class='ocrx_word' id='word_1_46' title='bbox 152 840 238 894; x_wconf 83' lang='lat' dir='ltr'><strong>sinere</strong></span> <span class='ocrx_word' id='word_1_47' title='bbox 263 841 349 894; x_wconf 83' lang='lat' dir='ltr'><strong>eliam</strong></span> <span class='ocrx_word' id='word_1_48' title='bbox 373 839 465 908; x_wconf 90' lang='lat' dir='ltr'><strong>docti,</strong></span> <span class='ocrx_word' id='word_1_49' title='bbox 490 857 575 909; x_wconf 76' lang='lat' dir='ltr'><strong>quam</strong></span> <span class='ocrx_word' id='word_1_50' title='bbox 597 840 731 894; x_wconf 88' lang='lat' dir='ltr'><strong>feminam</strong></span> <span class='ocrx_word' id='word_1_51' title='bbox 757 842 928 912; x_wconf 76' lang='lat' dir='ltr'><strong>perstringat</strong></span> <span class='ocrx_word' id='word_1_52' title='bbox 955 845 1047 911; x_wconf 86' lang='lat' dir='ltr'><strong>poeta.</strong></span> <span class='ocrx_word' id='word_1_53' title='bbox 1085 845 1166 897; x_wconf 87' lang='lat' dir='ltr'><strong>erant</strong></span> <span class='ocrx_word' id='word_1_54' title='bbox 1191 843 1239 911; x_wconf 88' lang='lat' dir='ltr'><strong>qui</strong></span> <span class='ocrx_word' id='word_1_55' title='bbox 1261 843 1324 898; x_wconf 90' lang='lat' dir='ltr'><strong>Les-</strong></span> 
     </span>
     <span class='ocr_line' id='line_1_7' title="bbox 153 928 1324 1002; baseline 0.003 -18"><span class='ocrx_word' id='word_1_56' title='bbox 153 929 225 984; x_wconf 75' lang='lat' dir='ltr'><strong>biam</strong></span> <span class='ocrx_word' id='word_1_57' title='bbox 247 947 308 985; x_wconf 84' lang='lat' dir='ltr'><strong>esse</strong></span> <span class='ocrx_word' id='word_1_58' title='bbox 327 930 453 985; x_wconf 77' lang='lat' dir='ltr'><strong>dicerent</strong></span> <span class='ocrx_word' id='word_1_59' title='bbox 474 929 648 998; x_wconf 81' lang='lat' dir='ltr'><strong>(Schwsbius</strong></span> <span class='ocrx_word' id='word_1_60' title='bbox 667 947 693 997; x_wconf 88' lang='lat' dir='ltr'><strong>q.</strong></span> <span class='ocrx_word' id='word_1_61' title='bbox 713 928 742 983; x_wconf 85' lang='lat' dir='ltr'><strong>C.</strong></span> <span class='ocrx_word' id='word_1_62' title='bbox 761 947 789 999; x_wconf 88' lang='lat' dir='ltr'><strong>p.</strong></span> <span class='ocrx_word' id='word_1_63' title='bbox 806 932 881 1000; x_wconf 79' lang='lat'><strong>120),</strong></span> <span class='ocrx_word' id='word_1_64' title='bbox 905 929 1002 996; x_wconf 90' lang='lat' dir='ltr'><strong>obliti,</strong></span> <span class='ocrx_word' id='word_1_65' title='bbox 1026 949 1177 1002; x_wconf 85' lang='lat' dir='ltr'><strong>numquam</strong></span> <span class='ocrx_word' id='word_1_66' title='bbox 1196 933 1232 986; x_wconf 90' lang='lat' dir='ltr'><strong>ad</strong></span> <span class='ocrx_word' id='word_1_67' title='bbox 1251 933 1324 988; x_wconf 86' lang='lat' dir='ltr'><strong>hanc</strong></span> 
     </span>
     <span class='ocr_line' id='line_1_8' title="bbox 152 1017 1324 1089; baseline 0.003 -17"><span class='ocrx_word' id='word_1_68' title='bbox 152 1019 237 1089; x_wconf 84' lang='lat' dir='ltr'><strong>ipsam</strong></span> <span class='ocrx_word' id='word_1_69' title='bbox 258 1022 317 1076; x_wconf 74' lang='lat' dir='ltr'><strong>tam</strong></span> <span class='ocrx_word' id='word_1_70' title='bbox 341 1019 436 1074; x_wconf 81' lang='lat' dir='ltr'><strong>acerbi</strong></span> <span class='ocrx_word' id='word_1_71' title='bbox 459 1020 637 1088; x_wconf 84' lang='lat' dir='ltr'><strong>contemptus</strong></span> <span class='ocrx_word' id='word_1_72' title='bbox 660 1017 747 1072; x_wconf 88' lang='lat' dir='ltr'><strong>uerba</strong></span> <span class='ocrx_word' id='word_1_73' title='bbox 769 1017 909 1073; x_wconf 87' lang='lat' dir='ltr'><strong>derexisse</strong></span> <span class='ocrx_word' id='word_1_74' title='bbox 930 1018 1086 1088; x_wconf 84' lang='lat' dir='ltr'><strong>Catullum,</strong></span> <span class='ocrx_word' id='word_1_75' title='bbox 1112 1024 1145 1075; x_wconf 89' lang='lat' dir='ltr'><strong>ut</strong></span> <span class='ocrx_word' id='word_1_76' title='bbox 1168 1037 1230 1074; x_wconf 88' lang='lat' dir='ltr'><strong>eam</strong></span> <span class='ocrx_word' id='word_1_77' title='bbox 1254 1022 1324 1076; x_wconf 84' lang='lat' dir='ltr'><strong>tam·</strong></span> 
     </span>
     <span class='ocr_line' id='line_1_9' title="bbox 152 1106 1325 1178; baseline 0.002 -15"><span class='ocrx_word' id='word_1_78' title='bbox 152 1125 233 1177; x_wconf 78' lang='lat' dir='ltr'><strong>quam</strong></span> <span class='ocrx_word' id='word_1_79' title='bbox 252 1108 398 1163; x_wconf 82' lang='lat' dir='ltr'><strong>moecham</strong></span> <span class='ocrx_word' id='word_1_80' title='bbox 417 1109 527 1178; x_wconf 83' lang='lat' dir='ltr'><strong>turpem</strong></span> <span class='ocrx_word' id='word_1_81' title='bbox 546 1106 731 1177; x_wconf 74' lang='lat' dir='ltr'><strong>putidumque</strong></span> <span class='ocrx_word' id='word_1_82' title='bbox 750 1107 961 1176; x_wconf 88' lang='lat' dir='ltr'><strong>adloqueretur,</strong></span> <span class='ocrx_word' id='word_1_83' title='bbox 984 1109 1064 1163; x_wconf 90' lang='lat' dir='ltr'><strong>cuius</strong></span> <span class='ocrx_word' id='word_1_84' title='bbox 1083 1108 1124 1163; x_wconf 89' lang='lat' dir='ltr'><strong>rei</strong></span> <span class='ocrx_word' id='word_1_85' title='bbox 1143 1126 1228 1164; x_wconf 87' lang='lat' dir='ltr'><strong>causa</strong></span> <span class='ocrx_word' id='word_1_86' title='bbox 1245 1110 1325 1166; x_wconf 91' lang='lat' dir='ltr'><strong>nulla</strong></span> 
     </span>
     <span class='ocr_line' id='line_1_10' title="bbox 150 1194 1321 1268; baseline 0.002 -17"><span class='ocrx_word' id='word_1_87' title='bbox 150 1198 246 1251; x_wconf 84' lang='lat' dir='ltr'><strong>aderat</strong></span> <span class='ocrx_word' id='word_1_88' title='bbox 262 1196 309 1251; x_wconf 86' lang='lat' dir='ltr'><strong>hic</strong></span> <span class='ocrx_word' id='word_1_89' title='bbox 323 1214 373 1266; x_wconf 88' lang='lat' dir='ltr'><strong>per</strong></span> <span class='ocrx_word' id='word_1_90' title='bbox 387 1213 417 1250; x_wconf 85' lang='lat' dir='ltr'><strong>se</strong></span> <span class='ocrx_word' id='word_1_91' title='bbox 432 1197 573 1266; x_wconf 86' lang='lat' dir='ltr'><strong>(quisnam</strong></span> <span class='ocrx_word' id='word_1_92' title='bbox 593 1199 702 1251; x_wconf 89' lang='lat' dir='ltr'><strong>amator</strong></span> <span class='ocrx_word' id='word_1_93' title='bbox 721 1195 832 1264; x_wconf 87' lang='lat' dir='ltr'><strong>puellae</strong></span> <span class='ocrx_word' id='word_1_94' title='bbox 850 1210 916 1248; x_wconf 88' lang='lat' dir='ltr'><strong>suae</strong></span> <span class='ocrx_word' id='word_1_95' title='bbox 935 1194 1022 1251; x_wconf 86' lang='lat' dir='ltr'><strong>obicit</strong></span> <span class='ocrx_word' id='word_1_96' title='bbox 1039 1195 1079 1266; x_wconf 90' lang='lat' dir='ltr'><strong>id,</strong></span> <span class='ocrx_word' id='word_1_97' title='bbox 1099 1198 1176 1252; x_wconf 88' lang='lat' dir='ltr'><strong>cuius</strong></span> <span class='ocrx_word' id='word_1_98' title='bbox 1195 1199 1255 1268; x_wconf 91' lang='lat' dir='ltr'><strong>ipse</strong></span> <span class='ocrx_word' id='word_1_99' title='bbox 1275 1216 1321 1253; x_wconf 88' lang='lat' dir='ltr'><strong>ex-</strong></span> 
     </span>
     <span class='ocr_line' id='line_1_11' title="bbox 150 1284 1321 1354; baseline 0.004 -15"><span class='ocrx_word' id='word_1_100' title='bbox 150 1286 366 1354; x_wconf 66' lang='lat' dir='ltr'><strong>sturemare),</strong></span> <span class='ocrx_word' id='word_1_101' title='bbox 393 1284 531 1354; x_wconf 83' lang='lat' dir='ltr'><strong>quidquid</strong></span> <span class='ocrx_word' id='word_1_102' title='bbox 548 1285 661 1340; x_wconf 84' lang='lat' dir='ltr'><strong>notauit</strong></span> <span class='ocrx_word' id='word_1_103' title='bbox 678 1284 775 1338; x_wconf 86' lang='lat' dir='ltr'><strong>dolore</strong></span> <span class='ocrx_word' id='word_1_104' title='bbox 795 1302 857 1339; x_wconf 91' lang='lat' dir='ltr'><strong>cum</strong></span> <span class='ocrx_word' id='word_1_105' title='bbox 877 1301 985 1339; x_wconf 89' lang='lat' dir='ltr'><strong>summo</strong></span> <span class='ocrx_word' id='word_1_106' title='bbox 1009 1303 1100 1341; x_wconf 91' lang='lat' dir='ltr'><strong>mores</strong></span> <span class='ocrx_word' id='word_1_107' title='bbox 1118 1287 1195 1342; x_wconf 88' lang='lat' dir='ltr'><strong>illius</strong></span> <span class='ocrx_word' id='word_1_108' title='bbox 1212 1287 1242 1342; x_wconf 91' lang='lat' dir='ltr'><strong>in</strong></span> <span class='ocrx_word' id='word_1_109' title='bbox 1262 1289 1321 1345; x_wconf 89' lang='lat' dir='ltr'><strong>dies</strong></span> 
     </span>
     <span class='ocr_line' id='line_1_12' title="bbox 150 1373 1322 1448; baseline 0.004 -20"><span class='ocrx_word' id='word_1_110' title='bbox 150 1375 238 1445; x_wconf 75' lang='lat' dir='ltr'><strong>magis</strong></span> <span class='ocrx_word' id='word_1_111' title='bbox 259 1374 394 1442; x_wconf 81' lang='lat' dir='ltr'><strong>labentis,</strong></span> <span class='ocrx_word' id='word_1_112' title='bbox 422 1375 457 1428; x_wconf 87' lang='lat' dir='ltr'><strong>sb</strong></span> <span class='ocrx_word' id='word_1_113' title='bbox 482 1373 621 1428; x_wconf 88' lang='lat' dir='ltr'><strong>eiusmodi</strong></span> <span class='ocrx_word' id='word_1_114' title='bbox 648 1373 779 1428; x_wconf 91' lang='lat' dir='ltr'><strong>conuitiis</strong></span> <span class='ocrx_word' id='word_1_115' title='bbox 805 1373 894 1428; x_wconf 84' lang='lat' dir='ltr'><strong>foedis</strong></span> <span class='ocrx_word' id='word_1_116' title='bbox 917 1375 1055 1443; x_wconf 86' lang='lat' dir='ltr'><strong>pudenter</strong></span> <span class='ocrx_word' id='word_1_117' title='bbox 1077 1376 1215 1432; x_wconf 74' lang='lat' dir='ltr'><strong>abstinuit</strong></span> <span class='ocrx_word' id='word_1_118' title='bbox 1238 1380 1322 1448; x_wconf 87' lang='lat' dir='ltr'><strong>poeta</strong></span> 
     </span>
     <span class='ocr_line' id='line_1_13' title="bbox 149 1462 1321 1535; baseline 0.004 -18"><span class='ocrx_word' id='word_1_119' title='bbox 149 1467 246 1534; x_wconf 85' lang='lat' dir='ltr'><strong>utpote</strong></span> <span class='ocrx_word' id='word_1_120' title='bbox 262 1463 292 1518; x_wconf 89' lang='lat' dir='ltr'><strong>in</strong></span> <span class='ocrx_word' id='word_1_121' title='bbox 310 1479 358 1531; x_wconf 87' lang='lat' dir='ltr'><strong>ea,</strong></span> <span class='ocrx_word' id='word_1_122' title='bbox 381 1480 465 1532; x_wconf 91' lang='lat' dir='ltr'><strong>quam</strong></span> <span class='ocrx_word' id='word_1_123' title='bbox 488 1462 639 1518; x_wconf 86' lang='lat' dir='ltr'><strong>tenerrimo</strong></span> <span class='ocrx_word' id='word_1_124' title='bbox 659 1462 727 1518; x_wconf 91' lang='lat' dir='ltr'><strong>olim</strong></span> <span class='ocrx_word' id='word_1_125' title='bbox 746 1478 839 1517; x_wconf 88' lang='lat' dir='ltr'><strong>amore</strong></span> <span class='ocrx_word' id='word_1_126' title='bbox 863 1462 1013 1518; x_wconf 77' lang='lat' dir='ltr'><strong>dilexerat:</strong></span> <span class='ocrx_word' id='word_1_127' title='bbox 1037 1463 1182 1535; x_wconf 79' lang='lat' dir='ltr'><strong>indignam</strong></span> <span class='ocrx_word' id='word_1_128' title='bbox 1207 1467 1321 1523; x_wconf 90' lang='lat' dir='ltr'><strong>omuino</strong></span> 
     </span>
     <span class='ocr_line' id='line_1_14' title="bbox 149 1551 1324 1696; baseline 0.005 -89"><span class='ocrx_word' id='word_1_129' title='bbox 149 1554 200 1608; x_wconf 86' lang='lat' dir='ltr'><strong>boc</strong></span> <span class='ocrx_word' id='word_1_130' title='bbox 217 1556 302 1624; x_wconf 78' lang='lat' dir='ltr'><strong>poetri</strong></span> <span class='ocrx_word' id='word_1_131' title='bbox 323 1552 442 1608; x_wconf 82' lang='lat' dir='ltr'><strong>dixerim</strong></span> <span class='ocrx_word' id='word_1_132' title='bbox 465 1551 625 1622; x_wconf 88' lang='lat' dir='ltr'><strong>opinionem</strong></span> <span class='ocrx_word' id='word_1_133' title='bbox 648 1553 885 1696; x_wconf 45' lang='lat' dir='ltr'><strong>istamssrectam</strong></span> <span class='ocrx_word' id='word_1_134' title='bbox 911 1552 968 1605; x_wconf 88' lang='lat' dir='ltr'><strong>iam</strong></span> <span class='ocrx_word' id='word_1_135' title='bbox 986 1551 1152 1610; x_wconf 87' lang='lat' dir='ltr'><strong>PVictorius</strong></span> <span class='ocrx_word' id='word_1_136' title='bbox 1177 1558 1324 1626; x_wconf 86' lang='lat' dir='ltr'><strong>proposuit</strong></span> 
     </span>
     <span class='ocr_line' id='line_1_15' title="bbox 149 1641 1322 1714; baseline 0.003 -16"><span class='ocrx_word' id='word_1_137' title='bbox 149 1643 377 1713; x_wconf 79' lang='lat' dir='ltr'><strong>explicationem,</strong></span> <span class='ocrx_word' id='word_1_138' title='bbox 396 1659 482 1712; x_wconf 85' lang='lat' dir='ltr'><strong>quam</strong></span> <span class='ocrx_word' id='word_1_139' title='bbox 501 1643 601 1697; x_wconf 89' lang='lat' dir='ltr'><strong>deinde</strong></span> <span class='ocrx_word' id='word_1_140' title='bbox 622 1642 697 1696; x_wconf 86' lang='lat' dir='ltr'><strong>baud</strong></span> <span class='ocrx_word' id='word_1_141' title='bbox 715 1660 734 1711; x_wconf 89' lang='lat' dir='ltr'><strong>p</strong></span> <span class='ocrx_word' id='word_1_142' title='bbox 773 1641 798 1695; x_wconf 91' lang='lat' dir='ltr'><strong>ci</strong></span> <span class='ocrx_word' id='word_1_143' title='bbox 816 1641 876 1695; x_wconf 91' lang='lat' dir='ltr'><strong>iure</strong></span> <span class='ocrx_word' id='word_1_144' title='bbox 896 1641 1004 1710; x_wconf 87' lang='lat' dir='ltr'><strong>optimo</strong></span> <span class='ocrx_word' id='word_1_145' title='bbox 1023 1645 1089 1697; x_wconf 89' lang='lat' dir='ltr'><strong>sunt</strong></span> <span class='ocrx_word' id='word_1_146' title='bbox 1107 1645 1236 1714; x_wconf 86' lang='lat' dir='ltr'><strong>amplexi.</strong></span> <span class='ocrx_word' id='word_1_147' title='bbox 1271 1664 1322 1702; x_wconf 88' lang='lat' dir='ltr'><strong>nec</strong></span> 
     </span>
     <span class='ocr_line' id='line_1_16' title="bbox 149 1731 1320 1800; baseline 0.002 -12"><span class='ocrx_word' id='word_1_148' title='bbox 149 1735 219 1788; x_wconf 88' lang='lat' dir='ltr'><strong>euim</strong></span> <span class='ocrx_word' id='word_1_149' title='bbox 238 1733 332 1788; x_wconf 89' lang='lat' dir='ltr'><strong>hercle</strong></span> <span class='ocrx_word' id='word_1_150' title='bbox 351 1749 418 1787; x_wconf 87' lang='lat' dir='ltr'><strong>casu</strong></span> <span class='ocrx_word' id='word_1_151' title='bbox 437 1748 515 1788; x_wconf 89' lang='lat' dir='ltr'><strong>mero</strong></span> <span class='ocrx_word' id='word_1_152' title='bbox 532 1733 639 1786; x_wconf 80' lang='lat' dir='ltr'><strong>lactum</strong></span> <span class='ocrx_word' id='word_1_153' title='bbox 657 1735 714 1799; x_wconf 89' lang='lat' dir='ltr'><strong>est,</strong></span> <span class='ocrx_word' id='word_1_154' title='bbox 734 1731 809 1800; x_wconf 92' lang='lat' dir='ltr'><strong>quod</strong></span> <span class='ocrx_word' id='word_1_155' title='bbox 829 1732 883 1785; x_wconf 92' lang='lat' dir='ltr'><strong>hoc</strong></span> <span class='ocrx_word' id='word_1_156' title='bbox 901 1746 1012 1785; x_wconf 89' lang='lat' dir='ltr'><strong>carmen</strong></span> <span class='ocrx_word' id='word_1_157' title='bbox 1032 1731 1171 1787; x_wconf 89' lang='lat' dir='ltr'><strong>inclusum</strong></span> <span class='ocrx_word' id='word_1_158' title='bbox 1191 1738 1235 1789; x_wconf 88' lang='lat' dir='ltr'><strong>est</strong></span> <span class='ocrx_word' id='word_1_159' title='bbox 1253 1736 1320 1790; x_wconf 90' lang='lat' dir='ltr'><strong>duo-</strong></span> 
     </span>
     <span class='ocr_line' id='line_1_17' title="bbox 148 1820 1321 1893; baseline 0.003 -17"><span class='ocrx_word' id='word_1_160' title='bbox 148 1825 197 1877; x_wconf 85' lang='lat' dir='ltr'><strong>bus</strong></span> <span class='ocrx_word' id='word_1_161' title='bbox 218 1822 368 1893; x_wconf 80' lang='lat' dir='ltr'><strong>poematiis</strong></span> <span class='ocrx_word' id='word_1_162' title='bbox 392 1821 429 1876; x_wconf 88' lang='lat' dir='ltr'><strong>ad</strong></span> <span class='ocrx_word' id='word_1_163' title='bbox 449 1824 616 1888; x_wconf 82' lang='lat' dir='ltr'><strong>Ameauam,</strong></span> <span class='ocrx_word' id='word_1_164' title='bbox 642 1821 747 1875; x_wconf 87' lang='lat' dir='ltr'><strong>malam</strong></span> <span class='ocrx_word' id='word_1_165' title='bbox 766 1820 912 1888; x_wconf 81' lang='lat' dir='ltr'><strong>feminam,</strong></span> <span class='ocrx_word' id='word_1_166' title='bbox 937 1820 1141 1890; x_wconf 77' lang='lat' dir='ltr'><strong>spectantibus:</strong></span> <span class='ocrx_word' id='word_1_167' title='bbox 1167 1823 1240 1876; x_wconf 90' lang='lat' dir='ltr'><strong>hanc</strong></span> <span class='ocrx_word' id='word_1_168' title='bbox 1261 1841 1321 1880; x_wconf 89' lang='lat' dir='ltr'><strong>esse</strong></span> 
     </span>
     <span class='ocr_line' id='line_1_18' title="bbox 149 1908 1321 1981; baseline 0.001 -14"><span class='ocrx_word' id='word_1_169' title='bbox 149 1911 275 1978; x_wconf 81' lang='lat' dir='ltr'><strong>eandem,</strong></span> <span class='ocrx_word' id='word_1_170' title='bbox 299 1928 385 1981; x_wconf 87' lang='lat' dir='ltr'><strong>quam</strong></span> <span class='ocrx_word' id='word_1_171' title='bbox 410 1909 499 1965; x_wconf 85' lang='lat' dir='ltr'><strong>nostri</strong></span> <span class='ocrx_word' id='word_1_172' title='bbox 521 1926 617 1964; x_wconf 90' lang='lat' dir='ltr'><strong>uersus</strong></span> <span class='ocrx_word' id='word_1_173' title='bbox 637 1909 794 1979; x_wconf 77' lang='lat' dir='ltr'><strong>exagitent,</strong></span> <span class='ocrx_word' id='word_1_174' title='bbox 820 1908 924 1978; x_wconf 89' lang='lat' dir='ltr'><strong>oppido</strong></span> <span class='ocrx_word' id='word_1_175' title='bbox 949 1911 992 1963; x_wconf 88' lang='lat' dir='ltr'><strong>est</strong></span> <span class='ocrx_word' id='word_1_176' title='bbox 1014 1910 1161 1978; x_wconf 84' lang='lat' dir='ltr'><strong>probabile</strong></span> <span class='ocrx_word' id='word_1_177' title='bbox 1179 1928 1213 1966; x_wconf 84' lang='lat' dir='ltr'><strong>ao</strong></span> <span class='ocrx_word' id='word_1_178' title='bbox 1231 1929 1321 1981; x_wconf 88' lang='lat' dir='ltr'><strong>paene</strong></span> 
     </span>
     <span class='ocr_line' id='line_1_19' title="bbox 148 1998 1321 2071; baseline 0 -16"><span class='ocrx_word' id='word_1_179' title='bbox 148 2003 264 2069; x_wconf 84' lang='lat' dir='ltr'><strong>eertum,</strong></span> <span class='ocrx_word' id='word_1_180' title='bbox 282 1999 403 2054; x_wconf 85' lang='lat' dir='ltr'><strong>maxime</strong></span> <span class='ocrx_word' id='word_1_181' title='bbox 423 2001 460 2054; x_wconf 91' lang='lat' dir='ltr'><strong>ob</strong></span> <span class='ocrx_word' id='word_1_182' title='bbox 473 2015 499 2052; x_wconf 93' lang='lat' dir='ltr'><strong>u.</strong></span> <span class='ocrx_word' id='word_1_183' title='bbox 515 2006 531 2053; x_wconf 85' lang='grc'>9</span> <span class='ocrx_word' id='word_1_184' title='bbox 547 1999 793 2069; x_wconf 89' lang='lat' dir='ltr'><strong>comparationem.</strong></span> <span class='ocrx_word' id='word_1_185' title='bbox 822 1998 935 2052; x_wconf 92' lang='lat' dir='ltr'><strong>uidetur</strong></span> <span class='ocrx_word' id='word_1_186' title='bbox 954 2002 1054 2067; x_wconf 85' lang='lat' dir='ltr'><strong>poetae</strong></span> <span class='ocrx_word' id='word_1_187' title='bbox 1069 2001 1180 2054; x_wconf 89' lang='lat' dir='ltr'><strong>noctem</strong></span> <span class='ocrx_word' id='word_1_188' title='bbox 1195 2002 1321 2071; x_wconf 83' lang='lat' dir='ltr'><strong>rogantis</strong></span> 
     </span>
     <span class='ocr_line' id='line_1_20' title="bbox 148 2078 1320 2157; baseline 0 -12"><span class='ocrx_word' id='word_1_189' title='bbox 148 2090 288 2145; x_wconf 76' lang='lat' dir='ltr'><strong>codicillos</strong></span> <span class='ocrx_word' id='word_1_190' title='bbox 306 2088 429 2143; x_wconf 82' lang='lat' dir='ltr'><strong>auaritia</strong></span> <span class='ocrx_word' id='word_1_191' title='bbox 442 2087 600 2143; x_wconf 89' lang='lat' dir='ltr'><strong>meretricia</strong></span> <span class='ocrx_word' id='word_1_192' title='bbox 614 2088 660 2143; x_wconf 91' lang='lat' dir='ltr'><strong>uel</strong></span> <span class='ocrx_word' id='word_1_193' title='bbox 674 2087 800 2142; x_wconf 63' lang='lat' dir='ltr'><strong>iactumi</strong></span> <span class='ocrx_word' id='word_1_194' title='bbox 820 2104 905 2144; x_wconf 86' lang='lat' dir='ltr'><strong>causa</strong></span> <span class='ocrx_word' id='word_1_195' title='bbox 918 2078 1067 2142; x_wconf 82' lang='lat' dir='ltr'><strong>retinuisse</strong></span> <span class='ocrx_word' id='word_1_196' title='bbox 1082 2091 1218 2157; x_wconf 78' lang='lat' dir='ltr'><strong>Ameana,</strong></span> <span class='ocrx_word' id='word_1_197' title='bbox 1237 2089 1320 2145; x_wconf 91' lang='lat' dir='ltr'><strong>simul</strong></span> 
     </span>
     <span class='ocr_line' id='line_1_21' title="bbox 148 2175 1319 2248; baseline 0 -14"><span class='ocrx_word' id='word_1_198' title='bbox 148 2179 235 2234; x_wconf 83' lang='lat' dir='ltr'><strong>noctis</strong></span> <span class='ocrx_word' id='word_1_199' title='bbox 258 2178 381 2248; x_wconf 84' lang='lat' dir='ltr'><strong>pretium</strong></span> <span class='ocrx_word' id='word_1_200' title='bbox 406 2178 538 2248; x_wconf 81' lang='lat' dir='ltr'><strong>flagitans</strong></span> <span class='ocrx_word' id='word_1_201' title='bbox 565 2176 661 2231; x_wconf 90' lang='lat' dir='ltr'><strong>decem</strong></span> <span class='ocrx_word' id='word_1_202' title='bbox 689 2176 831 2232; x_wconf 86' lang='lat' dir='ltr'><strong>sestertia:</strong></span> <span class='ocrx_word' id='word_1_203' title='bbox 858 2178 1007 2245; x_wconf 89' lang='lat' dir='ltr'><strong>utrumque</strong></span> <span class='ocrx_word' id='word_1_204' title='bbox 1033 2175 1062 2230; x_wconf 79' lang='lat' dir='ltr'><strong>(l.</strong></span> <span class='ocrx_word' id='word_1_205' title='bbox 1089 2178 1118 2231; x_wconf 94' lang='lat' dir='ltr'><strong>in</strong></span> <span class='ocrx_word' id='word_1_206' title='bbox 1143 2179 1188 2232; x_wconf 86' lang='lat' dir='ltr'><strong>his</strong></span> <span class='ocrx_word' id='word_1_207' title='bbox 1213 2179 1319 2235; x_wconf 92' lang='lat' dir='ltr'><strong>duobus</strong></span> 
     </span>
     <span class='ocr_line' id='line_1_22' title="bbox 147 2265 1319 2336; baseline -0.001 -13"><span class='ocrx_word' id='word_1_208' title='bbox 147 2268 313 2323; x_wconf 79' lang='lat' dir='ltr'><strong>carminibus</strong></span> <span class='ocrx_word' id='word_1_209' title='bbox 332 2267 460 2336; x_wconf 81' lang='lat' dir='ltr'><strong>castigat.</strong></span> <span class='ocrx_word' id='word_1_210' title='bbox 553 2265 638 2320; x_wconf 85' lang='lat' dir='ltr'><strong>.llla</strong></span> <span class='ocrx_word' id='word_1_211' title='bbox 657 2280 746 2333; x_wconf 83' lang='lat' dir='ltr'><strong>quam</strong></span> <span class='ocrx_word' id='word_1_212' title='bbox 764 2265 877 2320; x_wconf 84' lang='lat' dir='ltr'><strong>uldotls</strong></span> <span class='ocrx_word' id='word_1_213' title='bbox 896 2266 985 2335; x_wconf 87' lang='lat' dir='ltr'><strong>turpe</strong></span> <span class='ocrx_word' id='word_1_214' title='bbox 1004 2265 1156 2321; x_wconf 81' lang='lat' dir='ltr'><strong>incedere.</strong></span> <span class='ocrx_word' id='word_1_215' title='bbox 1189 2267 1224 2322; x_wconf 89' lang='lat' dir='ltr'><strong>cf.</strong></span> <span class='ocrx_word' id='word_1_216' title='bbox 1240 2269 1278 2322; x_wconf 86' lang='lat' dir='ltr'><strong>IV</strong></span> <span class='ocrx_word' id='word_1_217' title='bbox 1296 2278 1319 2322; x_wconf 87' lang='lat'><strong>1.</strong></span> 
     </span>
     <span class='ocr_line' id='line_1_23' title="bbox 147 2353 1317 2425; baseline -0.001 -13"><span class='ocrx_word' id='word_1_218' title='bbox 147 2356 306 2424; x_wconf 83' lang='lat' dir='ltr'><strong>‘incedsrc’,</strong></span> <span class='ocrx_word' id='word_1_219' title='bbox 324 2355 379 2411; x_wconf 86' lang='lat' dir='ltr'><strong>etsi</strong></span> <span class='ocrx_word' id='word_1_220' title='bbox 397 2371 413 2408; x_wconf 90' lang='lat' dir='ltr'><strong>e</strong></span> <span class='ocrx_word' id='word_1_221' title='bbox 432 2371 484 2409; x_wconf 88' lang='lat' dir='ltr'><strong>con</strong></span> <span class='ocrx_word' id='word_1_222' title='bbox 520 2372 538 2408; x_wconf 93' lang='grc' dir='ltr'><strong>ιι</strong></span> <span class='ocrx_word' id='word_1_223' title='bbox 557 2354 662 2423; x_wconf 88' lang='lat' dir='ltr'><strong>accipit</strong></span> <span class='ocrx_word' id='word_1_224' title='bbox 680 2354 822 2409; x_wconf 88' lang='lat' dir='ltr'><strong>interdum</strong></span> <span class='ocrx_word' id='word_1_225' title='bbox 842 2353 950 2423; x_wconf 88' lang='lat' dir='ltr'><strong>aliquid</strong></span> <span class='ocrx_word' id='word_1_226' title='bbox 969 2354 1177 2424; x_wconf 79' lang='lat' dir='ltr'><strong>sollemnitatis,</strong></span> <span class='ocrx_word' id='word_1_227' title='bbox 1195 2357 1317 2425; x_wconf 89' lang='lat' dir='ltr'><strong>plerum·</strong></span> 
     </span>
     <span class='ocr_line' id='line_1_24' title="bbox 147 2442 1319 2515; baseline -0.002 -14"><span class='ocrx_word' id='word_1_228' title='bbox 147 2463 199 2515; x_wconf 84' lang='lat' dir='ltr'><strong>que</strong></span> <span class='ocrx_word' id='word_1_229' title='bbox 223 2447 319 2501; x_wconf 56' lang='lat' dir='ltr'><strong>amen</strong></span> <span class='ocrx_word' id='word_1_230' title='bbox 345 2446 390 2513; x_wconf 90' lang='lat' dir='ltr'><strong>(ut</strong></span> <span class='ocrx_word' id='word_1_231' title='bbox 413 2445 470 2514; x_wconf 83' lang='lat' dir='ltr'><strong>nic)</strong></span> <span class='ocrx_word' id='word_1_232' title='bbox 497 2442 663 2513; x_wconf 88' lang='lat' dir='ltr'><strong>simpliciter</strong></span> <span class='ocrx_word' id='word_1_233' title='bbox 688 2444 766 2498; x_wconf 86' lang='lat' dir='ltr'><strong>ualet</strong></span> <span class='ocrx_word' id='word_1_234' title='bbox 789 2444 949 2499; x_wconf 81' lang='lat' dir='ltr'><strong>‘ambulare</strong></span> <span class='ocrx_word' id='word_1_235' title='bbox 972 2443 1002 2497; x_wconf 93' lang='lat' dir='ltr'><strong>in</strong></span> <span class='ocrx_word' id='word_1_236' title='bbox 1025 2442 1165 2512; x_wconf 89' lang='lat' dir='ltr'><strong>publico’.</strong></span> <span class='ocrx_word' id='word_1_237' title='bbox 1203 2444 1319 2501; x_wconf 84' lang='lat' dir='ltr'><strong>maximi</strong></span> 
     </span>
     <span class='ocr_line' id='line_1_25' title="bbox 146 2531 1318 2604; baseline 0 -15"><span class='ocrx_word' id='word_1_238' title='bbox 146 2540 236 2591; x_wconf 83' lang='lat' dir='ltr'><strong>autem</strong></span> <span class='ocrx_word' id='word_1_239' title='bbox 259 2534 416 2589; x_wconf 84' lang='lat' dir='ltr'><strong>ducebatur</strong></span> <span class='ocrx_word' id='word_1_240' title='bbox 437 2532 466 2586; x_wconf 91' lang='lat' dir='ltr'><strong>in</strong></span> <span class='ocrx_word' id='word_1_241' title='bbox 489 2533 594 2587; x_wconf 84' lang='lat' dir='ltr'><strong>femina</strong></span> <span class='ocrx_word' id='word_1_242' title='bbox 617 2534 741 2587; x_wconf 89' lang='lat' dir='ltr'><strong>incessus</strong></span> <span class='ocrx_word' id='word_1_243' title='bbox 764 2533 881 2588; x_wconf 90' lang='lat' dir='ltr'><strong>decorus</strong></span> <span class='ocrx_word' id='word_1_244' title='bbox 906 2532 996 2600; x_wconf 89' lang='lat' dir='ltr'><strong>(Ouid.</strong></span> <span class='ocrx_word' id='word_1_245' title='bbox 1017 2550 1041 2587; x_wconf 93' lang='lat' dir='ltr'><strong>a.</strong></span> <span class='ocrx_word' id='word_1_246' title='bbox 1062 2550 1085 2587; x_wconf 88' lang='lat' dir='ltr'><strong>a.</strong></span> <span class='ocrx_word' id='word_1_247' title='bbox 1107 2531 1145 2587; x_wconf 89' lang='lat' dir='ltr'><strong>lll</strong></span> <span class='ocrx_word' id='word_1_248' title='bbox 1169 2540 1221 2589; x_wconf 79' lang='lat'><strong>298</strong></span> <span class='ocrx_word' id='word_1_249' title='bbox 1237 2538 1318 2604; x_wconf 85' lang='lat' dir='ltr'><strong>sqq.),</strong></span> 
     </span>
     <span class='ocr_line' id='line_1_26' title="bbox 149 2620 1318 2694; baseline 0 -16"><span class='ocrx_word' id='word_1_250' title='bbox 149 2625 197 2679; x_wconf 88' lang='lat' dir='ltr'><strong>boc</strong></span> <span class='ocrx_word' id='word_1_251' title='bbox 215 2623 443 2694; x_wconf 81' lang='lat' dir='ltr'><strong>distinguebatur</strong></span> <span class='ocrx_word' id='word_1_252' title='bbox 460 2625 591 2676; x_wconf 86' lang='lat' dir='ltr'><strong>matrona</strong></span> <span class='ocrx_word' id='word_1_253' title='bbox 609 2620 729 2677; x_wconf 87' lang='lat' dir='ltr'><strong>honesta</strong></span> <span class='ocrx_word' id='word_1_254' title='bbox 748 2637 765 2674; x_wconf 89' lang='lat' dir='ltr'><strong>a</strong></span> <span class='ocrx_word' id='word_1_255' title='bbox 782 2621 942 2676; x_wconf 86' lang='lat' dir='ltr'><strong>meretrice:</strong></span> <span class='ocrx_word' id='word_1_256' title='bbox 962 2622 1027 2676; x_wconf 85' lang='lat' dir='ltr'><strong>ClL.</strong></span> <span class='ocrx_word' id='word_1_257' title='bbox 1043 2622 1054 2674; x_wconf 93' lang='lat'>1</span> <span class='ocrx_word' id='word_1_258' title='bbox 1072 2628 1138 2676; x_wconf 76' lang='lat'>1007</span> <span class='ocrx_word' id='word_1_259' title='bbox 1159 2624 1192 2677; x_wconf 89' lang='lat' dir='ltr'><strong>de</strong></span> <span class='ocrx_word' id='word_1_260' title='bbox 1212 2623 1318 2678; x_wconf 84' lang='lat' dir='ltr'><strong>femina</strong></span> 
     </span>
     <span class='ocr_line' id='line_1_27' title="bbox 147 2712 1317 2780; baseline 0.001 -14"><span class='ocrx_word' id='word_1_261' title='bbox 147 2714 230 2780; x_wconf 82' lang='lat' dir='ltr'><strong>proba</strong></span> <span class='ocrx_word' id='word_1_262' title='bbox 246 2728 368 2767; x_wconf 66' lang='lat' dir='ltr'><strong>camare</strong></span> <span class='ocrx_word' id='word_1_263' title='bbox 387 2712 490 2780; x_wconf 82' lang='lat' dir='ltr'><strong>lepido,</strong></span> <span class='ocrx_word' id='word_1_264' title='bbox 514 2717 570 2765; x_wconf 84' lang='lat' dir='ltr'><strong>tum</strong></span> <span class='ocrx_word' id='word_1_265' title='bbox 594 2717 684 2766; x_wconf 74' lang='lat' dir='ltr'><strong>arcton</strong></span> <span class='ocrx_word' id='word_1_266' title='bbox 707 2713 814 2765; x_wconf 67' lang='lat' dir='ltr'><strong>iaceam</strong></span> <span class='ocrx_word' id='word_1_267' title='bbox 837 2713 972 2766; x_wconf 84' lang='lat' dir='ltr'><strong>commodo</strong></span> <span class='ocrx_word' id='word_1_268' title='bbox 996 2714 1025 2764; x_wconf 91' lang='lat' dir='ltr'><strong>et</strong></span> <span class='ocrx_word' id='word_1_269' title='bbox 1044 2713 1142 2765; x_wconf 84' lang='lat' dir='ltr'><strong>contra</strong></span> <span class='ocrx_word' id='word_1_270' title='bbox 1167 2713 1201 2765; x_wconf 88' lang='lat' dir='ltr'><strong>de</strong></span> <span class='ocrx_word' id='word_1_271' title='bbox 1224 2730 1257 2767; x_wconf 88' lang='lat' dir='ltr'><strong>eo</strong></span> <span class='ocrx_word' id='word_1_272' title='bbox 1277 2715 1317 2767; x_wconf 86' lang='lat' dir='ltr'><strong>iu·</strong></span> 
     </span>
     <span class='ocr_line' id='line_1_28' title="bbox 146 2798 1316 2871; baseline 0.003 -17"><span class='ocrx_word' id='word_1_273' title='bbox 146 2817 230 2868; x_wconf 82' lang='lat' dir='ltr'><strong>sessu,</strong></span> <span class='ocrx_word' id='word_1_274' title='bbox 248 2800 297 2870; x_wconf 91' lang='lat' dir='ltr'><strong>qui</strong></span> <span class='ocrx_word' id='word_1_275' title='bbox 312 2798 519 2854; x_wconf 83' lang='lat' dir='ltr'><strong>meretriculam</strong></span> <span class='ocrx_word' id='word_1_276' title='bbox 536 2800 683 2870; x_wconf 85' lang='lat' dir='ltr'><strong>prodebat,</strong></span> <span class='ocrx_word' id='word_1_277' title='bbox 703 2798 757 2854; x_wconf 80' lang='lat' dir='ltr'><strong>cie.</strong></span> <span class='ocrx_word' id='word_1_278' title='bbox 773 2818 800 2869; x_wconf 88' lang='lat' dir='ltr'><strong>p.</strong></span> <span class='ocrx_word' id='word_1_279' title='bbox 816 2798 891 2855; x_wconf 86' lang='lat' dir='ltr'><strong>Cael.</strong></span> <span class='ocrx_word' id='word_1_280' title='bbox 907 2806 949 2868; x_wconf 82' lang='lat'><strong>20,</strong></span> <span class='ocrx_word' id='word_1_281' title='bbox 965 2806 1008 2866; x_wconf 83' lang='grc'><strong>49,</strong></span> <span class='ocrx_word' id='word_1_282' title='bbox 1029 2800 1089 2854; x_wconf 88' lang='lat' dir='ltr'><strong>Sen.</strong></span> <span class='ocrx_word' id='word_1_283' title='bbox 1106 2801 1200 2854; x_wconf 87' lang='lat' dir='ltr'><strong>rhetor</strong></span> <span class='ocrx_word' id='word_1_284' title='bbox 1214 2820 1240 2870; x_wconf 87' lang='lat' dir='ltr'><strong>p.</strong></span> <span class='ocrx_word' id='word_1_285' title='bbox 1255 2808 1316 2871; x_wconf 75' lang='lat'><strong>226,</strong></span> 
     </span>
     <span class='ocr_line' id='line_1_29' title="bbox 148 2889 1316 2959; baseline 0.001 -15"><span class='ocrx_word' id='word_1_286' title='bbox 148 2896 180 2944; x_wconf 75' lang='lat'><strong>20</strong></span> <span class='ocrx_word' id='word_1_287' title='bbox 198 2890 230 2945; x_wconf 86' lang='grc' dir='ltr'><strong>Κ.</strong></span> <span class='ocrx_word' id='word_1_288' title='bbox 268 2890 382 2959; x_wconf 82' lang='lat' dir='ltr'><strong>‘turpe’</strong></span> <span class='ocrx_word' id='word_1_289' title='bbox 404 2892 533 2944; x_wconf 86' lang='lat' dir='ltr'><strong>neutrum</strong></span> <span class='ocrx_word' id='word_1_290' title='bbox 553 2889 680 2943; x_wconf 88' lang='lat' dir='ltr'><strong>aduerbii</strong></span> <span class='ocrx_word' id='word_1_291' title='bbox 699 2889 761 2943; x_wconf 84' lang='lat' dir='ltr'><strong>uico</strong></span> <span class='ocrx_word' id='word_1_292' title='bbox 784 2889 926 2958; x_wconf 82' lang='lat' dir='ltr'><strong>fungitur,</strong></span> <span class='ocrx_word' id='word_1_293' title='bbox 953 2889 987 2942; x_wconf 87' lang='lat' dir='ltr'><strong>cf.</strong></span> <span class='ocrx_word' id='word_1_294' title='bbox 1006 2890 1170 2944; x_wconf 89' lang='lat' dir='ltr'><strong>Kuehnerns</strong></span> <span class='ocrx_word' id='word_1_295' title='bbox 1194 2910 1233 2959; x_wconf 85' lang='lat' dir='ltr'><strong>gr.</strong></span> <span class='ocrx_word' id='word_1_296' title='bbox 1253 2892 1271 2946; x_wconf 93' lang='lat' dir='ltr'><strong>l.</strong></span> <span class='ocrx_word' id='word_1_297' title='bbox 1291 2893 1316 2945; x_wconf 91' lang='lat' dir='ltr'><strong>ll</strong></span> 
     </span>
     <span class='ocr_line' id='line_1_30' title="bbox 148 2975 1315 3049; baseline 0.002 -16"><span class='ocrx_word' id='word_1_298' title='bbox 148 2998 172 3049; x_wconf 85' lang='lat' dir='ltr'><strong>p.</strong></span> <span class='ocrx_word' id='word_1_299' title='bbox 186 2987 245 3034; x_wconf 75' lang='lat'>211.</span> <span class='ocrx_word' id='word_1_300' title='bbox 260 3012 292 3020; x_wconf 90' lang='lat'><em>-</em></span> <span class='ocrx_word' id='word_1_301' title='bbox 309 2981 339 3046; x_wconf 75' lang='lat' dir='ltr'><strong>a,</strong></span> <span class='ocrx_word' id='word_1_302' title='bbox 353 2979 384 3035; x_wconf 80' lang='grc'><strong>9.</strong></span> <span class='ocrx_word' id='word_1_303' title='bbox 406 2978 524 3034; x_wconf 88' lang='lat' dir='ltr'><strong>mlmlce</strong></span> <span class='ocrx_word' id='word_1_304' title='bbox 544 2994 579 3034; x_wconf 87' lang='lat' dir='ltr'><strong>ac</strong></span> <span class='ocrx_word' id='word_1_305' title='bbox 598 2975 723 3033; x_wconf 85' lang='lat' dir='ltr'><strong>nlolesto</strong></span> <span class='ocrx_word' id='word_1_306' title='bbox 739 2978 886 3033; x_wconf 83' lang='lat' dir='ltr'><strong>ridentem</strong></span> <span class='ocrx_word' id='word_1_307' title='bbox 906 2977 1001 3033; x_wconf 82' lang='lat' dir='ltr'><strong>catull</strong></span> <span class='ocrx_word' id='word_1_308' title='bbox 1020 2992 1073 3033; x_wconf 88' lang='lat' dir='ltr'><strong>ors</strong></span> <span class='ocrx_word' id='word_1_309' title='bbox 1090 2978 1251 3036; x_wconf 75' lang='lat' dir='ltr'><strong>Gallicani.</strong></span> <span class='ocrx_word' id='word_1_310' title='bbox 1281 2982 1315 3035; x_wconf 85' lang='lat' dir='ltr'><strong>de</strong></span> 
     </span>
     <span class='ocr_line' id='line_1_31' title="bbox 147 3068 1312 3137; baseline 0.001 -14"><span class='ocrx_word' id='word_1_311' title='bbox 147 3069 200 3123; x_wconf 87' lang='lat' dir='ltr'><strong>risu</strong></span> <span class='ocrx_word' id='word_1_312' title='bbox 218 3069 365 3123; x_wconf 89' lang='lat' dir='ltr'><strong>mimorum</strong></span> <span class='ocrx_word' id='word_1_313' title='bbox 384 3069 568 3122; x_wconf 90' lang='lat' dir='ltr'><strong>mimarumue</strong></span> <span class='ocrx_word' id='word_1_314' title='bbox 587 3068 701 3137; x_wconf 90' lang='lat' dir='ltr'><strong>proprio</strong></span> <span class='ocrx_word' id='word_1_315' title='bbox 721 3069 853 3137; x_wconf 87' lang='lat' dir='ltr'><strong>quoniam</strong></span> <span class='ocrx_word' id='word_1_316' title='bbox 873 3068 943 3122; x_wconf 89' lang='lat' dir='ltr'><strong>nihil</strong></span> <span class='ocrx_word' id='word_1_317' title='bbox 963 3069 1073 3122; x_wconf 87' lang='lat' dir='ltr'><strong>constat</strong></span> <span class='ocrx_word' id='word_1_318' title='bbox 1092 3070 1312 3137; x_wconf 78' lang='lat' dir='ltr'><strong>(peruersissime</strong></span> 
     </span>
     <span class='ocr_line' id='line_1_32' title="bbox 147 3157 1311 3227; baseline 0.003 -17"><span class='ocrx_word' id='word_1_319' title='bbox 147 3157 254 3214; x_wconf 80' lang='lat' dir='ltr'><strong>Ellisius</strong></span> <span class='ocrx_word' id='word_1_320' title='bbox 272 3157 395 3227; x_wconf 84' lang='lat' dir='ltr'><strong>explicat</strong></span> <span class='ocrx_word' id='word_1_321' title='bbox 413 3157 447 3211; x_wconf 85' lang='lat' dir='ltr'><strong>de</strong></span> <span class='ocrx_word' id='word_1_322' title='bbox 467 3158 536 3223; x_wconf 92' lang='lat' dir='ltr'><strong>risu,</strong></span> <span class='ocrx_word' id='word_1_323' title='bbox 556 3158 603 3226; x_wconf 88' lang='lat' dir='ltr'><strong>qui</strong></span> <span class='ocrx_word' id='word_1_324' title='bbox 623 3157 722 3211; x_wconf 87' lang='lat' dir='ltr'><strong>mimos</strong></span> <span class='ocrx_word' id='word_1_325' title='bbox 742 3158 819 3225; x_wconf 87' lang='lat' dir='ltr'><strong>sequi</strong></span> <span class='ocrx_word' id='word_1_326' title='bbox 835 3158 945 3226; x_wconf 80' lang='lat' dir='ltr'><strong>soleat),</strong></span> <span class='ocrx_word' id='word_1_327' title='bbox 964 3158 1034 3212; x_wconf 87' lang='lat' dir='ltr'><strong>haec</strong></span> <span class='ocrx_word' id='word_1_328' title='bbox 1048 3157 1136 3211; x_wconf 88' lang='lat' dir='ltr'><strong>uerba</strong></span> <span class='ocrx_word' id='word_1_329' title='bbox 1152 3159 1199 3211; x_wconf 65' lang='grc' dir='ltr'><strong>*ιιι</strong></span> <span class='ocrx_word' id='word_1_330' title='bbox 1215 3177 1247 3212; x_wconf 84' lang='lat' dir='ltr'><strong>ac</strong></span> <span class='ocrx_word' id='word_1_331' title='bbox 1263 3161 1311 3214; x_wconf 89' lang='lat' dir='ltr'><strong>m.’</strong></span> 
     </span>
     <span class='ocr_line' id='line_1_33' title="bbox 145 3246 1313 3318; baseline 0.001 -18"><span class='ocrx_word' id='word_1_332' title='bbox 145 3246 319 3318; x_wconf 81' lang='lat' dir='ltr'><strong>epexegetice</strong></span> <span class='ocrx_word' id='word_1_333' title='bbox 339 3246 478 3301; x_wconf 87' lang='lat' dir='ltr'><strong>accedunt</strong></span> <span class='ocrx_word' id='word_1_334' title='bbox 497 3247 590 3316; x_wconf 87' lang='lat' dir='ltr'><strong>potius</strong></span> <span class='ocrx_word' id='word_1_335' title='bbox 609 3248 644 3300; x_wconf 84' lang='lat' dir='ltr'><strong>ad</strong></span> <span class='ocrx_word' id='word_1_336' title='bbox 662 3248 738 3316; x_wconf 86' lang='lat' dir='ltr'><strong>prius</strong></span> <span class='ocrx_word' id='word_1_337' title='bbox 753 3247 822 3299; x_wconf 91' lang='lat' dir='ltr'><strong>illud</strong></span> <span class='ocrx_word' id='word_1_338' title='bbox 839 3247 953 3315; x_wconf 79' lang='lat' dir='ltr'><strong>‘turpe’.</strong></span> <span class='ocrx_word' id='word_1_339' title='bbox 983 3264 1033 3300; x_wconf 91' lang='lat' dir='ltr'><strong>neo</strong></span> <span class='ocrx_word' id='word_1_340' title='bbox 1048 3251 1142 3300; x_wconf 86' lang='lat' dir='ltr'><strong>tamen</strong></span> <span class='ocrx_word' id='word_1_341' title='bbox 1157 3252 1206 3300; x_wconf 90' lang='lat' dir='ltr'><strong>aut</strong></span> <span class='ocrx_word' id='word_1_342' title='bbox 1220 3248 1313 3301; x_wconf 90' lang='lat' dir='ltr'><strong>molli-</strong></span> 
     </span>
     <span class='ocr_line' id='line_1_34' title="bbox 146 3334 1312 3405; baseline 0.002 -17"><span class='ocrx_word' id='word_1_343' title='bbox 146 3336 194 3391; x_wconf 83' lang='lat' dir='ltr'><strong>ties</strong></span> <span class='ocrx_word' id='word_1_344' title='bbox 219 3336 368 3390; x_wconf 91' lang='lat' dir='ltr'><strong>mimorum</strong></span> <span class='ocrx_word' id='word_1_345' title='bbox 395 3337 454 3389; x_wconf 91' lang='lat' dir='ltr'><strong>siue</strong></span> <span class='ocrx_word' id='word_1_346' title='bbox 481 3336 659 3390; x_wconf 90' lang='lat' dir='ltr'><strong>cinaedorum</strong></span> <span class='ocrx_word' id='word_1_347' title='bbox 687 3353 749 3388; x_wconf 89' lang='lat' dir='ltr'><strong>cum</strong></span> <span class='ocrx_word' id='word_1_348' title='bbox 775 3334 892 3389; x_wconf 89' lang='lat' dir='ltr'><strong>Pithoeo</strong></span> <span class='ocrx_word' id='word_1_349' title='bbox 916 3335 944 3388; x_wconf 89' lang='lat' dir='ltr'><strong>in</strong></span> <span class='ocrx_word' id='word_1_350' title='bbox 967 3342 1062 3405; x_wconf 84' lang='lat' dir='ltr'><strong>partes</strong></span> <span class='ocrx_word' id='word_1_351' title='bbox 1085 3336 1212 3389; x_wconf 79' lang='lat' dir='ltr'><strong>nocenda</strong></span> <span class='ocrx_word' id='word_1_352' title='bbox 1235 3338 1312 3404; x_wconf 90' lang='lat' dir='ltr'><strong>(quid</strong></span> 
     </span>
     <span class='ocr_line' id='line_1_35' title="bbox 147 3424 1313 3494; baseline 0.001 -15"><span class='ocrx_word' id='word_1_353' title='bbox 147 3426 211 3479; x_wconf 74' lang='lat' dir='ltr'><strong>haec</strong></span> <span class='ocrx_word' id='word_1_354' title='bbox 229 3426 264 3479; x_wconf 85' lang='lat' dir='ltr'><strong>sd</strong></span> <span class='ocrx_word' id='word_1_355' title='bbox 284 3425 447 3491; x_wconf 77' lang='lat' dir='ltr'><strong>feminam‘l)</strong></span> <span class='ocrx_word' id='word_1_356' title='bbox 471 3427 520 3478; x_wconf 89' lang='lat' dir='ltr'><strong>aut</strong></span> <span class='ocrx_word' id='word_1_357' title='bbox 538 3424 608 3478; x_wconf 92' lang='lat' dir='ltr'><strong>illud</strong></span> <span class='ocrx_word' id='word_1_358' title='bbox 628 3425 837 3490; x_wconf 83' lang='lat' dir='ltr'><strong>arcessendum,</strong></span> <span class='ocrx_word' id='word_1_359' title='bbox 861 3427 936 3493; x_wconf 87' lang='lat' dir='ltr'><strong>quod</strong></span> <span class='ocrx_word' id='word_1_360' title='bbox 962 3443 1024 3479; x_wconf 91' lang='lat' dir='ltr'><strong>oum</strong></span> <span class='ocrx_word' id='word_1_361' title='bbox 1049 3424 1135 3478; x_wconf 85' lang='lat' dir='ltr'><strong>mima</strong></span> <span class='ocrx_word' id='word_1_362' title='bbox 1158 3427 1313 3494; x_wconf 82' lang='lat' dir='ltr'><strong>comparari</strong></span> 
     </span>
     <span class='ocr_line' id='line_1_36' title="bbox 147 3512 1312 3583; baseline 0.001 -15"><span class='ocrx_word' id='word_1_363' title='bbox 147 3531 279 3568; x_wconf 76' lang='lat' dir='ltr'><strong>summurn</strong></span> <span class='ocrx_word' id='word_1_364' title='bbox 299 3513 465 3568; x_wconf 79' lang='lat' dir='ltr'><strong>feminarum</strong></span> <span class='ocrx_word' id='word_1_365' title='bbox 485 3515 547 3567; x_wconf 86' lang='lat' dir='ltr'><strong>erat</strong></span> <span class='ocrx_word' id='word_1_366' title='bbox 564 3515 744 3583; x_wconf 89' lang='lat' dir='ltr'><strong>opprobrium</strong></span> <span class='ocrx_word' id='word_1_367' title='bbox 764 3513 810 3581; x_wconf 83' lang='lat' dir='ltr'><strong>(cf.</strong></span> <span class='ocrx_word' id='word_1_368' title='bbox 829 3514 1060 3567; x_wconf 75' lang='lat' dir='ltr'><strong>l&#39;riedlaenderus</strong></span> <span class='ocrx_word' id='word_1_369' title='bbox 1079 3512 1143 3569; x_wconf 89' lang='lat' dir='ltr'><strong>hist.</strong></span> <span class='ocrx_word' id='word_1_370' title='bbox 1159 3531 1227 3566; x_wconf 91' lang='lat' dir='ltr'><strong>mor.</strong></span> <span class='ocrx_word' id='word_1_371' title='bbox 1243 3532 1312 3570; x_wconf 87' lang='lat' dir='ltr'><strong>rom.</strong></span> 
     </span>
     <span class='ocr_line' id='line_1_37' title="bbox 147 3601 1311 3673; baseline 0.002 -18"><span class='ocrx_word' id='word_1_372' title='bbox 147 3602 167 3656; x_wconf 94' lang='lat' dir='ltr'><strong>ll</strong></span> <span class='ocrx_word' id='word_1_373' title='bbox 185 3621 209 3673; x_wconf 88' lang='lat' dir='ltr'><strong>p.</strong></span> <span class='ocrx_word' id='word_1_374' title='bbox 225 3608 290 3669; x_wconf 74' lang='lat'><strong>395,</strong></span> <span class='ocrx_word' id='word_1_375' title='bbox 310 3602 461 3657; x_wconf 80' lang='lat' dir='ltr'><strong>&#39;Peutielius</strong></span> <span class='ocrx_word' id='word_1_376' title='bbox 479 3601 561 3656; x_wconf 82' lang='lat' dir='ltr'><strong>Hblt.</strong></span> <span class='ocrx_word' id='word_1_377' title='bbox 582 3610 596 3667; x_wconf 63' lang='grc' dir='ltr'>ξ</span> <span class='ocrx_word' id='word_1_378' title='bbox 615 3608 645 3669; x_wconf 91' lang='lat'><strong>8,</strong></span> <span class='ocrx_word' id='word_1_379' title='bbox 666 3610 681 3656; x_wconf 85' lang='lat'>8</span> <span class='ocrx_word' id='word_1_380' title='bbox 701 3605 730 3656; x_wconf 90' lang='lat' dir='ltr'><strong>et</strong></span> <span class='ocrx_word' id='word_1_381' title='bbox 751 3605 794 3669; x_wconf 83' lang='lat'><strong>10)</strong></span> <span class='ocrx_word' id='word_1_382' title='bbox 814 3606 864 3656; x_wconf 89' lang='lat' dir='ltr'><strong>aut</strong></span> <span class='ocrx_word' id='word_1_383' title='bbox 883 3602 954 3655; x_wconf 86' lang='lat' dir='ltr'><strong>aliae</strong></span> <span class='ocrx_word' id='word_1_384' title='bbox 974 3601 1049 3655; x_wconf 86' lang='lat' dir='ltr'><strong>uocis</strong></span> <span class='ocrx_word' id='word_1_385' title='bbox 1069 3601 1204 3655; x_wconf 83' lang='lat' dir='ltr'><strong>‘mimice&#39;</strong></span> <span class='ocrx_word' id='word_1_386' title='bbox 1226 3602 1311 3673; x_wconf 81' lang='lat' dir='ltr'><strong>signi-</strong></span> 
     </span>
     <span class='ocr_line' id='line_1_38' title="bbox 145 3689 1311 3762; baseline 0.003 -17"><span class='ocrx_word' id='word_1_387' title='bbox 145 3693 280 3748; x_wconf 81' lang='lat' dir='ltr'><strong>ficationes</strong></span> <span class='ocrx_word' id='word_1_388' title='bbox 300 3691 508 3760; x_wconf 85' lang='lat' dir='ltr'><strong>comparandae</strong></span> <span class='ocrx_word' id='word_1_389' title='bbox 534 3696 599 3746; x_wconf 89' lang='lat' dir='ltr'><strong>suut</strong></span> <span class='ocrx_word' id='word_1_390' title='bbox 622 3691 696 3760; x_wconf 84' lang='lat' dir='ltr'><strong>(Seu.</strong></span> <span class='ocrx_word' id='word_1_391' title='bbox 716 3693 785 3746; x_wconf 90' lang='lat' dir='ltr'><strong>rhet.</strong></span> <span class='ocrx_word' id='word_1_392' title='bbox 806 3697 893 3745; x_wconf 88' lang='lat' dir='ltr'><strong>contr.</strong></span> <span class='ocrx_word' id='word_1_393' title='bbox 917 3696 957 3757; x_wconf 79' lang='lat'><strong>12,</strong></span> <span class='ocrx_word' id='word_1_394' title='bbox 977 3697 1007 3756; x_wconf 79' lang='lat' dir='ltr'><strong>o,</strong></span> <span class='ocrx_word' id='word_1_395' title='bbox 1025 3689 1140 3745; x_wconf 85' lang='lat' dir='ltr'><strong>Tertull.</strong></span> <span class='ocrx_word' id='word_1_396' title='bbox 1160 3691 1234 3761; x_wconf 88' lang='lat' dir='ltr'><strong>apol.</strong></span> <span class='ocrx_word' id='word_1_397' title='bbox 1253 3696 1311 3762; x_wconf 77' lang='grc' dir='ltr'>46)ε</span> 
     </span>
     <span class='ocr_line' id='line_1_39' title="bbox 146 3780 1310 3850; baseline 0.001 -15"><span class='ocrx_word' id='word_1_398' title='bbox 146 3781 285 3836; x_wconf 82' lang='lat' dir='ltr'><strong>‘incedere</strong></span> <span class='ocrx_word' id='word_1_399' title='bbox 310 3781 459 3835; x_wconf 87' lang='lat' dir='ltr'><strong>mimorum</strong></span> <span class='ocrx_word' id='word_1_400' title='bbox 483 3780 581 3835; x_wconf 91' lang='lat' dir='ltr'><strong>modo&#39;</strong></span> <span class='ocrx_word' id='word_1_401' title='bbox 609 3784 652 3834; x_wconf 92' lang='lat' dir='ltr'><strong>est</strong></span> <span class='ocrx_word' id='word_1_402' title='bbox 677 3780 820 3835; x_wconf 86' lang='lat' dir='ltr'><strong>ambulare</strong></span> <span class='ocrx_word' id='word_1_403' title='bbox 840 3783 917 3834; x_wconf 90' lang='lat' dir='ltr'><strong>motu</strong></span> <span class='ocrx_word' id='word_1_404' title='bbox 941 3781 1065 3850; x_wconf 88' lang='lat' dir='ltr'><strong>corporis</strong></span> <span class='ocrx_word' id='word_1_405' title='bbox 1084 3785 1221 3850; x_wconf 81' lang='lat' dir='ltr'><strong>gestuque</strong></span> <span class='ocrx_word' id='word_1_406' title='bbox 1245 3783 1310 3837; x_wconf 85' lang='lat' dir='ltr'><strong>arti·</strong></span> 
     </span>
     <span class='ocr_line' id='line_1_40' title="bbox 145 3869 1311 3940; baseline 0.003 -18"><span class='ocrx_word' id='word_1_407' title='bbox 145 3870 232 3925; x_wconf 83' lang='lat' dir='ltr'><strong>ficiose</strong></span> <span class='ocrx_word' id='word_1_408' title='bbox 259 3869 428 3939; x_wconf 81' lang='lat' dir='ltr'><strong>composit03</strong></span> <span class='ocrx_word' id='word_1_409' title='bbox 455 3870 529 3940; x_wconf 89' lang='lat' dir='ltr'><strong>quod</strong></span> <span class='ocrx_word' id='word_1_410' title='bbox 556 3870 646 3938; x_wconf 89' lang='lat' dir='ltr'><strong>ipsum</strong></span> <span class='ocrx_word' id='word_1_411' title='bbox 673 3869 830 3937; x_wconf 79' lang='lat' dir='ltr'><strong>elegantiae</strong></span> <span class='ocrx_word' id='word_1_412' title='bbox 857 3869 980 3924; x_wconf 87' lang='lat' dir='ltr'><strong>studium</strong></span> <span class='ocrx_word' id='word_1_413' title='bbox 1007 3869 1101 3925; x_wconf 80' lang='lat' dir='ltr'><strong>differt</strong></span> <span class='ocrx_word' id='word_1_414' title='bbox 1129 3871 1164 3924; x_wconf 85' lang='lat' dir='ltr'><strong>ab</strong></span> <span class='ocrx_word' id='word_1_415' title='bbox 1192 3872 1311 3926; x_wconf 88' lang='lat' dir='ltr'><strong>honesta</strong></span> 
     </span>
     <span class='ocr_line' id='line_1_41' title="bbox 144 3958 1311 4029; baseline 0.002 -17"><span class='ocrx_word' id='word_1_416' title='bbox 144 3958 318 4014; x_wconf 66' lang='lat' dir='ltr'><strong>hountsmm</strong></span> <span class='ocrx_word' id='word_1_417' title='bbox 344 3959 538 4028; x_wconf 67' lang='lat' dir='ltr'><strong>simplicitate,</strong></span> <span class='ocrx_word' id='word_1_418' title='bbox 563 3960 597 4012; x_wconf 86' lang='lat' dir='ltr'><strong>cl.</strong></span> <span class='ocrx_word' id='word_1_419' title='bbox 618 3958 732 4024; x_wconf 84' lang='lat' dir='ltr'><strong>Quintil.</strong></span> <span class='ocrx_word' id='word_1_420' title='bbox 752 3960 763 4011; x_wconf 94' lang='lat' dir='ltr'><strong>l</strong></span> <span class='ocrx_word' id='word_1_421' title='bbox 786 3965 831 4025; x_wconf 89' lang='lat'><strong>11,</strong></span> <span class='ocrx_word' id='word_1_422' title='bbox 851 3965 879 4023; x_wconf 76' lang='lat'><strong>³3</strong></span> <span class='ocrx_word' id='word_1_423' title='bbox 906 3958 1016 4013; x_wconf 86' lang='lat' dir='ltr'><strong>Petron.</strong></span> <span class='ocrx_word' id='word_1_424' title='bbox 1039 3966 1088 4013; x_wconf 75' lang='lat'>1⁶26</span> <span class='ocrx_word' id='word_1_425' title='bbox 1107 3977 1159 4028; x_wconf 77' lang='lat' dir='ltr'><strong>quo</strong></span> <span class='ocrx_word' id='word_1_426' title='bbox 1178 3963 1311 4029; x_wconf 82' lang='lat' dir='ltr'><strong>(spectat)</strong></span> 
     </span>
     <span class='ocr_line' id='line_1_42' title="bbox 147 4048 1310 4117; baseline -0.003 -12"><span class='ocrx_word' id='word_1_427' title='bbox 147 4050 260 4105; x_wconf 59' lang='lat' dir='ltr'><strong>memus</strong></span> <span class='ocrx_word' id='word_1_428' title='bbox 285 4054 343 4102; x_wconf 77' lang='lat' dir='ltr'><strong>arte</strong></span> <span class='ocrx_word' id='word_1_429' title='bbox 367 4048 531 4116; x_wconf 77' lang='lat' dir='ltr'><strong>corapositua</strong></span> <span class='ocrx_word' id='word_1_430' title='bbox 556 4054 580 4101; x_wconf 78' lang='lat' dir='ltr'><strong>et</strong></span> <span class='ocrx_word' id='word_1_431' title='bbox 605 4064 639 4101; x_wconf 81' lang='lat' dir='ltr'><strong>rie</strong></span> <span class='ocrx_word' id='word_1_432' title='bbox 660 4048 777 4117; x_wconf 78' lang='lat' dir='ltr'><strong>rcestr&#39;pr‘a</strong></span> <span class='ocrx_word' id='word_1_433' title='bbox 802 4048 908 4115; x_wconf 80' lang='lat' dir='ltr'><strong>quidem</strong></span> <span class='ocrx_word' id='word_1_434' title='bbox 932 4049 1031 4115; x_wconf 83' lang='lat' dir='ltr'><strong>pedum</strong></span> <span class='ocrx_word' id='word_1_435' title='bbox 1056 4055 1133 4102; x_wconf 76' lang='lat' dir='ltr'><strong>extra</strong></span> <span class='ocrx_word' id='word_1_436' title='bbox 1156 4065 1310 4102; x_wconf 67' lang='lat' dir='ltr'><strong>meriturum</strong></span> 
     </span>
     <span class='ocr_line' id='line_1_43' title="bbox 144 4137 1309 4206; baseline 0.001 -15"><span class='ocrx_word' id='word_1_437' title='bbox 144 4140 314 4202; x_wconf 72' lang='lat' dir='ltr'><strong>ubenuatto,</strong></span> <span class='ocrx_word' id='word_1_438' title='bbox 331 4138 390 4190; x_wconf 75' lang='lat' dir='ltr'><strong>nist</strong></span> <span class='ocrx_word' id='word_1_439' title='bbox 407 4138 480 4206; x_wconf 65' lang='lat' dir='ltr'><strong>praed</strong></span> <span class='ocrx_word' id='word_1_440' title='bbox 500 4139 617 4203; x_wconf 80' lang='lat' dir='ltr'><strong>sormam</strong></span> <span class='ocrx_word' id='word_1_441' title='bbox 638 4139 796 4205; x_wconf 81' lang='lat' dir='ltr'><strong>proelr&#39;lru&#39;s,</strong></span> <span class='ocrx_word' id='word_1_442' title='bbox 819 4142 850 4190; x_wconf 83' lang='lat' dir='ltr'><strong>ut</strong></span> <span class='ocrx_word' id='word_1_443' title='bbox 872 4138 998 4190; x_wconf 75' lang='lat' dir='ltr'><strong>acisclus?</strong></span> <span class='ocrx_word' id='word_1_444' title='bbox 1035 4137 1109 4204; x_wconf 85' lang='lat' dir='ltr'><strong>quod</strong></span> <span class='ocrx_word' id='word_1_445' title='bbox 1129 4137 1309 4192; x_wconf 85' lang='lat' dir='ltr'><strong>artificiosum</strong></span> 
     </span>
     <span class='ocr_line' id='line_1_44' title="bbox 144 4223 1306 4295; baseline 0.001 -13"><span class='ocrx_word' id='word_1_446' title='bbox 144 4229 286 4282; x_wconf 85' lang='lat' dir='ltr'><strong>mimorum</strong></span> <span class='ocrx_word' id='word_1_447' title='bbox 310 4242 399 4295; x_wconf 79' lang='lat' dir='ltr'><strong>genus</strong></span> <span class='ocrx_word' id='word_1_448' title='bbox 422 4224 544 4293; x_wconf 85' lang='lat' dir='ltr'><strong>respexit</strong></span> <span class='ocrx_word' id='word_1_449' title='bbox 568 4223 697 4279; x_wconf 91' lang='lat' dir='ltr'><strong>similiter</strong></span> <span class='ocrx_word' id='word_1_450' title='bbox 720 4225 810 4278; x_wconf 85' lang='lat' dir='ltr'><strong>Plaut.</strong></span> <span class='ocrx_word' id='word_1_451' title='bbox 836 4225 892 4277; x_wconf 90' lang='lat' dir='ltr'><strong>mil.</strong></span> <span class='ocrx_word' id='word_1_452' title='bbox 916 4225 937 4276; x_wconf 96' lang='lat' dir='ltr'><strong>ll</strong></span> <span class='ocrx_word' id='word_1_453' title='bbox 961 4231 990 4290; x_wconf 79' lang='lat'><strong>2,</strong></span> <span class='ocrx_word' id='word_1_454' title='bbox 1010 4232 1043 4278; x_wconf 80' lang='lat'><strong>59</strong></span> <span class='ocrx_word' id='word_1_455' title='bbox 1067 4226 1198 4279; x_wconf 77' lang='lat' dir='ltr'><strong>crischcme</strong></span> <span class='ocrx_word' id='word_1_456' title='bbox 1220 4227 1306 4283; x_wconf 76' lang='lat' dir='ltr'><strong>lierclc</strong></span> 
     </span>
     <span class='ocr_line' id='line_1_45' title="bbox 143 4312 1306 4381; baseline 0.001 -9"><span class='ocrx_word' id='word_1_457' title='bbox 143 4320 227 4372; x_wconf 72' lang='lat' dir='ltr'><strong>arua</strong></span> <span class='ocrx_word' id='word_1_458' title='bbox 245 4318 270 4370; x_wconf 81' lang='lat' dir='ltr'><strong>is</strong></span> <span class='ocrx_word' id='word_1_459' title='bbox 288 4314 409 4381; x_wconf 74' lang='lat' dir='ltr'><strong>l‘astitis</strong></span> <span class='ocrx_word' id='word_1_460' title='bbox 429 4313 473 4367; x_wconf 89' lang='lat' dir='ltr'><strong>et&#39;</strong></span> <span class='ocrx_word' id='word_1_461' title='bbox 494 4313 555 4367; x_wconf 82' lang='lat' dir='ltr'><strong>sini.</strong></span> <span class='ocrx_word' id='word_1_462' title='bbox 575 4312 678 4381; x_wconf 84' lang='lat' dir='ltr'><strong>codd),</strong></span> <span class='ocrx_word' id='word_1_463' title='bbox 702 4315 790 4368; x_wconf 81' lang='lat' dir='ltr'><strong>dulice</strong></span> <span class='ocrx_word' id='word_1_464' title='bbox 809 4320 833 4368; x_wconf 76' lang='lat' dir='ltr'><strong>et</strong></span> <span class='ocrx_word' id='word_1_465' title='bbox 856 4316 1013 4377; x_wconf 75' lang='lat' dir='ltr'><strong>corroedr&#39;ce,</strong></span> <span class='ocrx_word' id='word_1_466' title='bbox 1035 4315 1082 4367; x_wconf 90' lang='lat' dir='ltr'><strong>ubi</strong></span> <span class='ocrx_word' id='word_1_467' title='bbox 1101 4315 1188 4369; x_wconf 87' lang='lat' dir='ltr'><strong>uerba</strong></span> <span class='ocrx_word' id='word_1_468' title='bbox 1206 4317 1306 4373; x_wconf 87' lang='lat' dir='ltr'><strong>ultima</strong></span> 
     </span>
     <span class='ocr_line' id='line_1_46' title="bbox 142 4401 1309 4473; baseline -0.003 -10"><span class='ocrx_word' id='word_1_469' title='bbox 142 4409 236 4464; x_wconf 79' lang='lat' dir='ltr'><strong>itidem</strong></span> <span class='ocrx_word' id='word_1_470' title='bbox 255 4406 291 4459; x_wconf 87' lang='lat' dir='ltr'><strong>sd</strong></span> <span class='ocrx_word' id='word_1_471' title='bbox 312 4404 482 4459; x_wconf 82' lang='lat' dir='ltr'><strong>‘euscheme&#39;</strong></span> <span class='ocrx_word' id='word_1_472' title='bbox 499 4401 668 4472; x_wconf 82' lang='lat' dir='ltr'><strong>explicatius</strong></span> <span class='ocrx_word' id='word_1_473' title='bbox 683 4404 826 4457; x_wconf 85' lang='lat' dir='ltr'><strong>accedunt.</strong></span> <span class='ocrx_word' id='word_1_474' title='bbox 857 4407 961 4456; x_wconf 89' lang='lat' dir='ltr'><strong>etcum</strong></span> <span class='ocrx_word' id='word_1_475' title='bbox 981 4404 1035 4457; x_wconf 87' lang='lat' dir='ltr'><strong>hoo</strong></span> <span class='ocrx_word' id='word_1_476' title='bbox 1052 4404 1157 4473; x_wconf 89' lang='lat' dir='ltr'><strong>optime</strong></span> <span class='ocrx_word' id='word_1_477' title='bbox 1177 4408 1309 4462; x_wconf 89' lang='lat' dir='ltr'><strong>conuenit</strong></span> 
     </span>
    </p>
   </div>
   <div class='ocr_carea' id='block_1_3' title="bbox 0 0 1474 4912">
    <p class='ocr_par' dir='ltr' id='par_1_3' title="bbox 0 0 1474 4912">
     <span class='ocr_line' id='line_1_47' title="bbox 0 0 1474 4912; baseline 0 3"><span class='ocrx_word' id='word_1_478' title='bbox 0 0 1474 4912; x_wconf 95' lang='lat' dir='ltr'><strong> </strong></span> 
     </span>
    </p>
   </div>
  </div>
 </body>
</html>
