2940 4912
649 326 863 382 PRAEFATIO.
1306 331 1344 384 XI

155 500 336 575 saepissime
361 517 459 556 mann
484 496 659 557 correctrice
679 488 748 576 (hoc
766 499 797 555 te
816 496 984 557 edocebunt
1002 499 1208 559 commentarii
1225 492 1345 580 nostri),

157 598 206 657 sed
229 597 306 673 qnia
330 615 425 655 nemo
449 595 572 653 illorum
596 593 716 670 quidem
739 611 790 653 eas
812 595 911 673 dotes,
933 615 1010 672 quae
1034 598 1064 656 in
1088 598 1143 656 hoc
1160 599 1250 673 poeta
1268 598 1345 656 diffi-

158 696 269 754 cillime
288 694 332 753 ad
351 692 483 753 ferenda
501 693 583 751 iusta
601 691 736 767 praemia
752 693 960 771 requiruntur,
978 713 1032 753 nec
1051 694 1185 770 singulas
1204 714 1258 754 nec
1272 715 1344 755 uero

157 795 334 853 coniunctas
358 793 393 851 in
418 811 451 851 se
475 791 593 850 habuit:
624 791 806 851 factitandae
834 791 878 851 rei
907 793 1028 851 criticae
1050 792 1191 867 peritiam
1219 793 1343 854 faculta

158 908 279 969 remque
303 909 474 964 summam,
502 891 622 966 plenem
648 889 749 964 poesis
776 889 890 948 letinae
920 893 951 949 et
973 889 1083 966 prioris
1111 893 1142 950 et
1168 892 1342 966 posterioris

160 993 312 1063 notitiam,
339 1009 465 1050 sensum
489 988 654 1064 simplicem
672 987 860 1062 eundemque
883 988 1040 1064 subtilem,
1058 989 1202 1048 iudicium
1221 991 1342 1065 elegans

161 1096 388 1167 uenustumqne
413 1082 477 1170 (hic
501 1088 610 1163 quippe
638 1086 715 1146 illud
742 1078 844 1161 ὅμοιος
866 1077 973 1163 ὅμοιον
995 1080 1149 1167 γιγνώσκει
1171 1084 1282 1167 ualet),
1305 1088 1342 1146 ad

161 1208 233 1264 qnae
257 1190 365 1247 omnin
388 1186 531 1247 accedere
555 1184 646 1245 debet
671 1185 763 1260 longa
790 1186 947 1260 tamqnam
974 1184 1164 1245 familiaritas
1192 1205 1260 1245 eum
1287 1186 1342 1246 hoc

161 1293 246 1362 poeta
270 1289 445 1347 contracta

246 1382 495 1443 Commentarios
519 1385 680 1458 perpetuos
708 1381 739 1439 in
763 1384 900 1441 ueterum
924 1382 1037 1458 scripta
1060 1383 1180 1443 edolare
1204 1384 1260 1442 etsi
1283 1402 1343 1443 non

160 1485 246 1541 nimis
270 1481 396 1558 adpetit
419 1479 552 1554 enimus,
576 1483 692 1555 tamen,
715 1480 767 1539 ubi
791 1480 884 1538 semel
908 1497 1010 1539 amore
1033 1481 1122 1540 huius
1145 1484 1251 1557 poetae
1274 1500 1342 1541 con·

162 1582 259 1639 silium
283 1580 354 1656 cepi
378 1577 562 1638 inlustrandi
585 1578 649 1638 eins
674 1579 819 1654 carmina,
842 1577 887 1636 ita
909 1577 947 1635 ab
972 1577 1068 1638 officio
1087 1579 1119 1637 in
1136 1598 1184 1639 me
1204 1586 1342 1655 suscepto

162 1680 301 1738 smndnm
327 1696 398 1739 esse
425 1678 575 1753 intellexi,
602 1679 637 1737 ut
665 1677 744 1753 quod
772 1676 898 1752 agebam
926 1693 1056 1751 agerem.
1102 1678 1161 1736 iam
1189 1677 1225 1736 de
1253 1679 1342 1736 huius

161 1779 258 1853 operis
277 1778 403 1837 ratione
421 1776 613 1852 expositurus
632 1777 908 1852 praemonentem
927 1773 1061 1833 uirorum
1079 1775 1234 1834 doctorum
1253 1794 1343 1850 quam

162 1876 406 1935 adulescentium
425 1874 535 1934 studiis
554 1873 745 1950 philologieis
764 1890 887 1947 operam
905 1873 1082 1931 nauantium
1101 1873 1169 1932 usui
1187 1873 1263 1932 illud
1277 1892 1342 1934 esse

161 1974 359 2032 destinatum.
413 1971 483 2032 talis
513 1971 616 2031 autern
647 1969 892 2043 commentarius,
920 1973 957 2029 ut
988 1972 1126 2047 equidem
1158 1973 1273 2047 statuo,
1300 1973 1344 2032 ita

162 2073 249 2130 debet
275 2070 415 2146 institui,
439 2072 475 2128 nt
497 2087 615 2146 semper
637 2073 728 2145 atque
746 2069 857 2144 ubique
876 2067 1087 2144 interpretatio
1110 2075 1141 2131 et
1159 2071 1264 2131 critica
1280 2068 1344 2130 'sint

161 2171 360 2230 consociatae.
408 2173 440 2229 et
467 2169 505 2229 de
531 2170 596 2245 ipso
624 2169 745 2229 uinculo
769 2167 855 2227 firmo
883 2167 1077 2245 innuptaque,
1106 2188 1164 2246 quo
1188 2170 1260 2228 haec
1283 2169 1342 2227 duo

164 2269 349 2345 principalia
375 2267 522 2345 philologi
550 2286 675 2327 munera
702 2267 782 2326 inter
810 2285 842 2326 se
865 2267 1067 2344 continentur,
1090 2286 1157 2326 cum
1180 2268 1211 2325 in
1234 2266 1343 2343 uolgus

165 2371 292 2439 montet,
306 2385 371 2426 non
384 2383 459 2441 opus
473 2367 522 2425 est
538 2365 752 2442 disputatione;
767 2364 820 2425 sed
833 2364 910 2424 hanc
923 2366 1069 2425 rationem
1083 2367 1243 2442 propterea
1257 2365 1342 2440 sequi

162 2466 277 2538 lubuit,
301 2472 340 2523 ut
363 2469 395 2524 et
417 2464 514 2524 doctis
532 2467 752 2540 exponerentur
770 2463 890 2523 criticae
909 2465 1030 2522 nostrae
1049 2464 1180 2523 rationes
1200 2463 1232 2521 st
1249 2461 1342 2520 iunio-

164 2566 242 2622 rihns
267 2563 394 2623 adesset
418 2562 588 2638 exemplum
616 2561 815 2637 coniungendi
838 2561 995 2638 utriusque
1018 2561 1116 2622 oflicii.
1163 2579 1342 2638 quemquam

162 2684 189 2719 in
212 2664 270 2721 hac
296 2680 331 2720 re
361 2661 462 2738 refugi
489 2666 603 2720 certam
630 2660 767 2738 regulam
795 2660 905 2735 ubique
936 2660 1106 2720 obseruare.
1152 2661 1240 2720 modo
1263 2660 1342 2719 enim

161 2784 178 2817 t·
200 2761 341 2820 ardicam
362 2760 489 2819 lectione
508 2760 540 2819 in
559 2761 699 2819 lemmate
718 2759 828 2834 posita,
849 2759 900 2817 ubi
919 2760 950 2818 in
971 2758 1217 2835 disceptationem
1237 2760 1341 2819 uocaui

165 2861 259 2917 sardas
300 2857 459 2934 opiniones
494 2857 650 2917 doctorum
685 2875 840 2934 meamque
873 2860 966 2934 ipsius
999 2859 1179 2919 sententiam
1212 2859 1342 2934 exposui,

162 2957 296 3030 processi
321 2955 361 3014 ad
386 2956 505 3031 singula
535 2957 714 3031 enarranda3
742 2956 842 3032 modo,
871 2958 896 3015 si
920 2960 1002 3016 certa
1023 2957 1143 3016 adesset
1167 2956 1342 3030 emendatio,

160 3056 196 3111 eh
220 3058 279 3113 hae
306 3055 462 3129 profectus
486 3057 584 3114 totum
607 3075 655 3115 me
675 3055 878 3131 explicationi,
897 3056 948 3114 ubi
968 3057 1088 3115 maioris
1108 3060 1173 3115 erat
1191 3055 1341 3126 momenti,

161 3154 256 3211 aelidi
292 3153 489 3228 breuiterque
517 3155 605 3229 attigi
633 3155 780 3213 librorum
808 3154 972 3229 scripturas
1001 3147 1167 3234 (interdum
1197 3155 1287 3213 etiarn
1311 3153 1341 3211 in

160 3254 246 3311 :esus
279 3251 484 3327 apertissimis
513 3252 567 3310 has
596 3253 685 3328 plane
712 3246 859 3333 neglexi),
888 3255 975 3312 modo
1003 3254 1222 3328 interpretandi
1250 3252 1339 3310 ratio-

158 3353 244 3410 nrtns
273 3351 396 3408 frustra
420 3351 575 3425 temptatis
598 3351 629 3409 in
652 3351 831 3425 corruptelis
855 3350 952 3409 adhue
971 3370 1030 3410 non
1049 3352 1208 3410 intellectis
1228 3350 1272 3408 ita
1291 3350 1340 3407 de-

158 3454 215 3507 r-:ri
241 3446 503 3523 disputationem,
527 3454 561 3507 ut
584 3449 672 3507 huius
695 3448 763 3506 finis
787 3451 818 3507 st
837 3453 989 3523 tamquam
1009 3449 1063 3508 flos
1083 3451 1224 3508 euaderet
1243 3469 1340 3507 ernen-

162 3550 250 3607 rario:
282 3547 382 3604 uariis
407 3546 547 3604 nimirum
565 3547 660 3605 modis
680 3546 728 3605 hic
748 3546 798 3622 agi
816 3550 931 3622 potest,
955 3552 986 3606 et
1008 3548 1122 3623 aliquid
1146 3548 1276 3605 dandum
1296 3552 1342 3608 est

154 3662 179 3703 -.r
205 3648 250 3705 rei
275 3645 340 3720 ipsi
362 3647 394 3701 et
413 3644 477 3702 loco
496 3662 563 3703 cum
584 3643 711 3702 maxime
732 3647 861 3704 tractato
881 3649 912 3704 et
930 3646 957 3704 ei
977 3665 1034 3721 quo
1056 3647 1133 3705 inter
1153 3645 1341 3705 scribendum

152 3746 337 3818 mraellimnr
369 3739 478 3798 animo.
523 3742 590 3817 ipsa
618 3746 719 3800 autem
748 3744 897 3802 enarratio
926 3744 1100 3802 difficillime
1128 3745 1246 3804 omnino
1275 3765 1343 3803 con·

153 3844 298 3901 -tituitur
331 3856 492 3914 quousque
523 3838 665 3915 progredi
697 3837 806 3897 debeat
838 3840 1005 3916 quibusque
1039 3841 1146 3900 finibus
1179 3844 1340 3903 coherceri:

151 3962 235 4017 ··.-,=·12
263 3942 300 3998 in
326 3940 434 4013 parte,
459 3937 489 3994 in
517 3937 571 3996 hac
599 3938 681 3996 ualet
711 3936 787 3994 illud
815 3936 1018 4013 decantatum,
1042 3941 1166 3998 arduom
1190 3960 1255 4000 esse
1278 3944 1340 4016 pla·

154 4062 209 4099 xre
231 4037 401 4100 omnibus.
440 4035 492 4094 sed
509 4035 685 4096 discentium
701 4055 818 4111 quoque
834 4039 995 4097 commodis
1015 4039 1215 4098 inseruiturus
1235 4041 1340 4100 fami-

147 4144 229 4200 ,iui
258 4153 365 4216 qaam
391 4136 503 4191 uocant
525 4132 835 4208 interpretatione
858 4137 1049 4211 potissimum
1069 4138 1204 4196 adhibita
1223 4158 1341 4214 semper

145 4242 232 4313 prule
272 4231 496 4308 indulgentior
527 4231 570 4289 fui
603 4250 656 4290 nec
693 4234 723 4289 in
760 4237 985 4309 quaestionibus
1023 4256 1103 4294 mere
1136 4239 1341 4311 gramnraticis

144 4340 263 4417 peperci
293 4331 405 4394 labori
431 4329 617 4389 adscribendi
643 4331 752 4406 ubique
775 4335 979 4411 paragraphus
1003 4334 1113 4394 artium
1137 4334 1341 4412 librorumque

141 4441 275 4499 wirne
308 4451 375 4492 usu
409 4427 560 4487 tritorum.
611 4428 652 4486 ibi
680 4429 774 4505 igitur
802 4426 854 4507 qui
882 4434 970 4507 plura
998 4433 1074 4494 sciro
1103 4432 1227 4508 cupiunt
1255 4435 1340 4495 facile
