2940 4912
187 291 253 356 372
661 286 749 342 LXIV
767 293 881 342 es-sr.

189 451 339 505 Phoenissa
354 455 423 504 tenet
432 448 529 516 Dido),
543 447 589 502 hic
604 449 698 502 umen
713 448 814 502 melius
828 446 863 501 de
878 446 1025 516 complexu
1040 443 1210 514 accipiemus
1224 445 1361 514 mulieris,

187 543 219 594 ut
236 540 265 594 in
284 537 385 595 Naeuii
403 536 561 592 Tarentilla
580 536 690 606 [fragm.
711 536 734 589 ll
753 543 768 590 2
787 535 833 607 n]
852 537 939 590 alium
953 541 1031 603 unet,
1050 534 1112 588 Tib.
1126 533 1139 587 Ι
1153 541 1179 601 6,
1193 540 1227 588 66
1242 541 1268 590 tc
1282 541 1363 602 unet,

187 631 308 684 absentee
326 629 396 682 alios
414 628 537 696 suspirat
554 642 667 693 amores,
686 625 796 679 Petron.
813 643 835 680 c.
853 631 902 679 139
917 630 992 678 teneo
1011 629 1035 679 te
1053 624 1159 694 qualem
1176 640 1362 693 speraveram,

186 720 282 772 noster
301 716 402 772 LXXII
421 722 437 769 2
457 715 573 784 (nudum
591 713 705 768 tenendi
723 714 840 768 uerbum
855 715 889 768 de
903 712 972 768 uiris
991 713 1114 782 puellm
1133 714 1275 784 conplexis
1295 730 1362 768 sane

158 853 163 863 .
186 805 297 876 saepius
321 806 451 871 hahetur,
477 800 620 856 ututur
640 809 663 870 1,
683 807 729 869 6ος
756 808 781 869 b,
800 807 847 867 39;
870 801 894 855 ll
913 808 937 868 6,
957 805 1012 870 62).
1050 800 1125 870 quod
1145 802 1224 858 codd
1243 802 1363 857 tradunt

189 894 387 964 ‘pulcherrima
411 891 520 946 nectine
541 891 689 961 (neptine)'
714 892 751 945 ab
770 890 849 945 ltalis
874 892 1012 945 mutatum
1038 896 1099 946 erat
1117 890 1147 945 in
1166 890 1362 962 ‘Neptuniae’.

187 983 236 1038 sod
262 981 318 1036 iam
342 980 487 1035 Turnebus
513 980 634 1050 [aduers.
660 979 749 1032 XXIV
774 979 802 1051 9]
833 979 985 1047 quaesiuit,
1010 997 1065 1048 quo
1093 981 1162 1035 iure·
1180 998 1198 1034 a
1223 980 1364 1036 uocabulo

186 1072 298 1127 latino
319 1069 489 1139 ‘Neptunus’
513 1069 736 1138 patronymicum
756 1068 883 1138 potuerit
896 1067 1019 1123 deriuari
1033 1069 1196 1138 graecanice
1211 1068 1363 1124 formatum

188 1159 370 1230 ‘Neptunius’
396 1161 439 1225 (ut
456 1157 492 1210 ab
510 1152 642 1220 Ὠκεανός
661 1157 824 1227 Oceanine);
850 1161 879 1211 et
898 1161 930 1212 ut
948 1157 1009 1224 hic,
1035 1159 1075 1213 sic
1095 1158 1233 1213 Gesnerus
1252 1158 1282 1212 in
1301 1160 1363 1213 the·

187 1266 268 1305 sauro
293 1268 313 1302 s.
337 1265 362 1300 u.
388 1246 529 1314 flagitauit
550 1248 644 1317 potius
664 1245 858 1315 ‘Neptunina'.
896 1246 1027 1300 nimirum
1050 1264 1121 1315 quae
1140 1252 1214 1302 esset
1232 1247 1363 1301 codicum

188 1337 273 1393 lectio
293 1336 468 1406 ignorabant.
506 1334 556 1389 sed
573 1351 625 1389 nec
645 1334 780 1404 ‘Neptuni
800 1334 898 1388 filiam’
920 1338 995 1389 recte
1014 1335 1178 1403 thetidem,
1204 1339 1304 1406 utpote
1327 1354 1363 1391 ex

187 1427 278 1481 Nereo
304 1425 485 1494 prognatam,
512 1422 607 1477 uocari
631 1423 761 1493 exposuit
783 1422 923 1493 Hauptius
947 1423 1054 1494 [opusc.
1079 1425 1091 1478 l
1114 1443 1141 1494 p.
1166 1424 1227 1495 63],
1253 1424 1302 1493 qui
1327 1443 1362 1481 ex

187 1513 320 1568 librorum
348 1510 483 1566 memoria
506 1511 617 1581 optime
637 1511 735 1567 elicuit
754 1511 911 1580 ‘Nereine’‚
937 1513 1081 1582 conligcns
1100 1512 1204 1569 Naehii
1222 1529 1317 1583 opusc.
1338 1515 1362 1568 ll

186 1622 214 1674 p.
232 1610 273 1670 16,
292 1602 339 1657 ubi
358 1602 464 1656 formae
483 1616 601 1672 grsecae
622 1601 753 1670 Νηρηΐνη
773 1601 918 1671 complura
936 1602 1115 1671 proferuntur
1134 1605 1275 1674 exempla3
1294 1623 1362 1660 nem

187 1691 337 1762 scriptores
356 1691 438 1746 latini
456 1691 528 1745 alias
547 1708 613 1746 sane
634 1690 760 1745 ‘Nerius’
777 1691 890 1746 habent.
927 1708 1031 1745 nouum
1046 1698 1141 1746 autem
1156 1693 1266 1762 pondus
1280 1711 1362 1765 repe-

188 1780 258 1835 titae
286 1779 499 1850 interrogationi
531 1780 607 1834 ‘tene
633 1810 667 1820 -
693 1781 832 1834 concessit
859 1781 970 1834 ducere'
1000 1779 1086 1835 inest:
1113 1784 1190 1848 tene,
1218 1782 1363 1838 hominem

187 1873 292 1936 nutum,
313 1885 423 1923 summa
439 1868 568 1937 aequoris
587 1869 704 1923 numina
718 1868 873 1923 adsciscere
888 1869 1006 1938 dignata
1020 1872 1085 1924 sunt
1098 1879 1251 1939 generum?
1269 1889 1362 1941 neque

186 1957 393 2028 neglegendum
415 1975 477 2012 cum
497 1959 527 2012 ni
545 1958 678 2012 iteratum
697 1958 868 2013 concedendi
886 1958 1068 2025 uocabulum,
1092 1975 1263 2028 quamquam
1282 1961 1312 2015 in
1332 1979 1362 2017 re

188 2045 333 2116 paululum
352 2063 369 2101 e
388 2065 415 2100 ιι.
435 2053 467 2100 at
488 2045 605 2101 diuersa.
643 2047 827 2101 concedentes
847 2050 941 2101 autem
961 2048 1045 2116 poeta
1063 2045 1134 2102 facit
1148 2065 1204 2102 non
1219 2054 1361 2118 parentes,

187 2136 238 2190 sed
256 2152 338 2190 auom
353 2136 382 2189 et
396 2135 499 2203 auiam,
518 2133 602 2204 prisci
620 2135 754 2204 temporis
772 2134 903 2190 instituta
921 2138 1041 2204 secutus,
1060 2135 1160 2204 quibus
1176 2136 1207 2190 hi
1220 2154 1362 2194 summam

187 2222 217 2279 in
236 2223 372 2279 familiam
388 2224 557 2294 potestatem
572 2225 715 2280 tenebant
747 2224 872 2292 facitque
886 2225 923 2279 ad
937 2224 1095 2294 augendam
1110 2224 1239 2295 permissi
1252 2229 1361 2297 magni-

187 2312 328 2382 tudinem,
348 2313 423 2382 quod
441 2313 538 2368 diuina
555 2313 603 2368 aui
621 2314 750 2385 potentia
768 2314 933 2368 inlustratur
950 2314 1049 2369 addito
1067 2313 1129 2369 illo:
1155 2347 1186 2355 —
1210 2314 1259 2370 44.
1281 2317 1361 2372 nrt

187 2401 284 2459 totum
299 2402 352 2469 qul
366 2401 563 2471 amplectitur
577 2383 692 2457 (libem.
714 2403 763 2457 ubi
779 2403 872 2457 ‘mari'
889 2402 1023 2473 intellege
1043 2403 1136 2457 ‘undis
1150 2403 1231 2459 suie’.
1254 2407 1363 2475 scripta

187 2508 245 2545 esse
265 2490 335 2546 baec
354 2490 467 2560 putauit
480 2489 517 2544 ed
531 2490 662 2560 Aeschyli
676 2490 767 2545 Prom.
784 2497 834 2545 138
854 2493 904 2544 τοῦ
923 2491 988 2559 περὶ
1006 2489 1102 2545 πᾶσάν
1116 2487 1150 2545 θ’
1167 2489 1361 2562 εἱλισσομένου

187 2574 273 2648 χθόν’
285 2574 429 2650 ἀκοιμήτῳ
446 2574 564 2648 §cipere
575 2624 581 2634 .
593 2623 599 2633 .
613 2574 749 2634 Ὠκεανοῦ
765 2580 810 2647 (cf.
825 2584 854 2634 et
863 2579 986 2650 Euphor.
996 2580 1029 2633 fr.
1042 2585 1092 2635 158
1103 2579 1150 2644 Μ.)
1160 2580 1362 2650 Weytinghius

187 2666 223 2721 ud
239 2667 341 2722 Iliados
356 2667 461 2721 letinae
476 2686 501 2721 u.
518 2673 571 2722 864
590 2672 678 2722 terroe
692 2674 716 2722 et
735 2670 853 2722 mactum
867 2669 958 2723 Nereo
977 2671 1091 2735 circum
1111 2685 1281 2738 quamquam
1300 2675 1361 2725 tam

186 2758 324 2826 perpetuo
344 2757 469 2825 epitheto
488 2755 554 2810 inde
574 2757 609 2810 ab
631 2757 752 2812 Homero
771 2758 897 2811 Oceanus
915 2757 994 2812 audit
1008 2755 1186 2825 πεοίρᾆως,
1204 2754 1361 2826 &eddim

186 2843 280 2898 πάντα
308 2846 417 2898 κυκλῶν
445 2845 622 2911 similitude,
651 2856 683 2900 ut
711 2849 817 2900 certum
847 2846 969 2914 aliquem
997 2846 1089 2900 locum
1118 2847 1165 2900 uix
1191 2847 1360 2903 crediderim

188 2941 290 3003 poetae
318 2950 377 2988 esse
406 2934 597 3001 obuersatum
626 2953 708 3003 quern
737 2936 891 3005 respexisse
919 2935 1031 2989 uidetur
1061 2935 1123 2989 vu.
1149 2936 1241 2990 flacc
1270 2936 1281 2988 Ι
1309 2944 1362 2993 195

187 3029 325 3092 ursosque
347 3023 406 3076 solo
428 3024 609 3090 coruplectsris
632 3041 729 3079 emises.
767 3024 879 3092 iamque
897 3025 933 3078 ad
952 3024 1126 3094 propositum
1145 3023 1174 3078 C.
1194 3028 1305 3081 hasil.
1326 3059 1360 3068 -

186 3111 236 3166 er.
259 3125 336 3177 quse
360 3109 451 3164 simul
475 3112 580 3178 optato
603 3112 709 3166 flnlue
732 3113 868 3181 tempore
892 3113 976 3168 luces
994 3111 1156 3167 decuere.
1191 3114 1231 3168 sic
1250 3113 1275 3170 t)
1293 3117 1361 3184 (nisi

187 3199 264 3269 quod
284 3216 360 3254 ruore
380 3199 463 3253 solito
484 3199 612 3267 ‘finite'),
632 3204 729 3255 contra
748 3199 771 3256 e
792 3202 901 3270 ‘optate
919 3201 1010 3255 tinito’
1031 3201 1149 3265 habent,
1174 3203 1248 3256 unde
1266 3207 1362 3261 cuuis

186 3287 303 3358 uulgata
327 3285 412 3341 lectio
437 3289 563 3357 ‘optatae
587 3289 688 3344 finito'.
726 3294 792 3344 sunt
814 3291 909 3345 autem
929 3290 1028 3343 ‘luces'
1049 3290 1206 3358 complures
1225 3290 1269 3344 illi
1288 3292 1362 3353 dies.

186 3395 236 3448 per
254 3393 323 3446 quos
342 3376 457 3446 nuptiae
476 3378 691 3432 celebrabantur
708 3379 754 3448 (ci.
774 3396 816 3433 en
835 3398 876 3448 gr.
897 3379 967 3432 Stat.
988 3377 1074 3431 Theb.
1095 3376 1211 3442 11306),
1230 3389 1361 3448 ponem

186 3484 240 3536 «pue
258 3467 288 3520 hi
308 3483 376 3521 sane
396 3465 511 3536 ‘optati'
527 3468 587 3522 siue
601 3468 753 3522 desiderati
768 3468 928 3522 amantibus
941 3465 996 3520 diri
1011 3465 1057 3534 tet
1072 3466 1148 3520 idem
1161 3465 1248 3521 Theb
1265 3467 1289 3522 ll
1305 3475 1361 3525 21⁴

185 3563 326 3626 expectato
344 3557 412 3622 dies,
431 3555 615 3626 similiterque
633 3558 715 3627 Apul.
735 3558 808 3626 spol.
829 3575 851 3610 e.
872 3563 889 3610 9
908 3557 958 3610 lux
975 3557 1041 3609 hoec
1057 3562 1152 3624 optate
1168 3563 1303 3619 οοιιοιονς
1322 3560 1359 3613 ci.

186 3652 215 3701 et
233 3645 321 3700 lxvi
341 3649 400 3712 ῖ9);
419 3645 522 3699 dicitur
540 3661 608 3700 uero
626 3648 737 3715 tempus
756 3645 812 3699 iam
831 3646 940 3699 finitum
959 3644 1030 3697 illud
1044 3641 1176 3711 ,poem
1194 3646 1270 3712 quet
1285 3647 1361 3703 inter

185 3752 329 3791 concessas
355 3737 384 3790 et
412 3735 501 3789 iactas
527 3735 639 3803 nuptias
665 3751 699 3788 ex
725 3750 800 3787 more
826 3733 930 3787 tradito
957 3731 1127 3786 intercedere
1153 3733 1263 3787 solebat
1289 3754 1360 3801 enon

185 3824 366 3893 cogitandum
390 3826 434 3877 est
457 3823 491 3877 de
516 3840 550 3876 eo
574 3830 715 3891 tempore,
740 3839 794 3890 quo
813 3821 912 3875 Peleus
934 3821 1010 3874 iacta
1027 3824 1252 3888 Artemonem
1276 3827 1360 3880 nni-

184 3915 298 3984 getioue
313 3913 342 3965 in
357 3913 477 3982 patriam
494 3912 586 3978 rediit,
606 3910 678 3965 nihil
693 3928 755 3964 curn
769 3911 884 3975 indicet,
902 3909 1044 3965 Catullum
1059 3922 1114 3961 ren
1128 3908 1226 3962 statim
1241 3913 1360 3981 nuptias

184 4004 344 4055 contractas
363 4018 423 4054 esse
442 4000 497 4054 sihi
517 4002 648 4066 tinxisse).
686 4016 781 4053 nerum
802 4000 876 4052 enirn
895 4015 961 4052 uero
979 4012 1035 4051 ιοο
1047 4004 1091 4049 Ν
1104 4011 1190 4049 escuris
1203 3997 1288 4059 ium
1307 4019 1361 4056 eur

184 4091 348 4145 rewdemus
369 4091 406 4144 ab
424 4107 458 4144 ea
473 4080 559 4159 boam
580 4088 604 4144 θ
623 4089 785 4159 suppeditat
804 4088 923 4141 lectione
942 4087 970 4140 in
990 4086 1119 4138 temnere
1138 4083 1273 4138 extimes
1313 4109 1358 4146 aa

186 4180 307 4234 cundum
327 4197 410 4247 qum
431 4180 518 4233 ‘luces
536 4177 643 4232 tinitae’
664 4183 729 4231 sunt
747 4177 892 4230 constituti
910 4172 1069 4243 nupciarum
1086 4170 1148 4224 hes
1166 4187 1211 4235 prr
1233 4191 1274 4240 gr.
1293 4176 1360 4235 Lm,

187 4265 286 4321 XXXV
308 4275 333 4332 ἵ,
351 4275 368 4322 3
387 4270 456 4322 dien
475 4271 554 4333 p'niri
569 4269 704 4336 placuit).
729 4266 777 4335 qui
795 4265 925 4319 liberiore
943 4262 993 4316 iile
1011 4259 1129 4312 athesi
1148 4273 1198 4310 sse
1219 4257 1358 4322 Remum

184 4361 244 4410 tam
258 4355 362 4411 dilecto
378 4370 513 4411 uocuntur
527 4358 649 4426 ‘ternpus
663 4355 804 4426 optatum*
819 4355 878 4407 sine
890 4362 1001 4421 ww
1016 4346 1222 4413 ΙΝΙΙΜΝ
1237 4348 1286 4415 „ai
1300 4358 1357 4409 ἃ.
