2940 4912
557 299 685 355 exvrrrb
708 308 769 371 ros,
791 308 850 356 ror.
1224 303 1288 367 531

112 463 236 529 pareres).
273 472 338 515 nam
359 462 449 516 ‘tolle’
471 462 548 516 ualet
568 461 670 516 ‘aufer'
692 462 875 533 (germanice:
895 478 957 531 weg
975 463 1046 532 mit),
1065 466 1096 516 ut
1115 462 1182 518 Aen.
1197 464 1222 517 X
1237 470 1288 518 451

116 549 178 602 tolle
203 550 305 618 missus,
329 549 422 620 Priap.
444 556 552 618 12,10,
577 551 657 605 Ouid.
682 551 812 618 am.18,
832 557 865 605 66
890 552 919 605 et
941 568 965 605 a.
990 569 1014 606 a.
1034 551 1045 603 I
1067 557 1131 619 718,
1155 551 1220 605 Hor.
1245 552 1288 607 od.

116 638 186 704 115,
207 645 222 691 9
247 640 276 692 et
300 639 524 709 epist.112,3;
549 641 607 710 ipse
632 643 725 695 autern
751 659 779 695 se
803 626 971 697 adhortatur
997 643 1094 710 poeta,
1118 643 1150 694 ut
1173 658 1196 695 c.
1217 640 1289 694 VIII.

116 745 199 795 quem
218 745 298 782 nsum
318 746 373 783 non
393 733 576 799 agnoscentes
595 732 707 799 praeter
720 730 916 785 necessItatem
929 729 1124 784 Lachmannus
1140 722 1291 785 ‘tremulist

116 816 190 885 illa’,
209 817 349 887 Hauptius
370 819 522 873 ‘tremulist
541 818 609 872 olla’
632 819 788 885 coniecere,
811 820 972 874 insistentes
991 818 1122 874 nimirum
1141 836 1289 889 peruersee

117 906 257 976 opinioni,
280 908 325 961 cui
348 907 414 961 inde
438 925 456 960 a
475 908 619 976 Scaligero
642 908 724 962 multi
748 926 776 962 se
801 908 981 977 addixerunt,
1004 908 1085 976 quasi
1104 908 1150 962 hic
1169 908 1204 963 de
1222 925 1289 963 uero

116 994 233 1050 Lesbiae
260 999 340 1065 patre
366 1001 509 1066 ageretur3
536 996 570 1051 cf.
596 996 758 1052 Schwabius
785 1015 810 1066 q.
835 996 863 1051 (1.
889 1017 915 1067 p.
941 1005 983 1052 72.
1025 997 1095 1051 haec
1120 999 1214 1051 antem
1241 996 1289 1051 adn

117 1085 234 1141 monitio
258 1103 275 1139 a
294 1087 378 1155 poeta
397 1087 432 1140 ad
452 1089 542 1140 semet
561 1086 628 1140 data
646 1086 786 1154 quomodo
806 1086 954 1141 succedere
973 1087 1064 1156 possit
1082 1085 1175 1140 uersui
1194 1084 1290 1156 priori,

115 1191 182 1228 sane
202 1175 349 1230 obscurum
369 1178 413 1229 est
430 1191 513 1244 qnam
533 1175 661 1241 manime,
682 1191 744 1230 cnm
764 1174 837 1230 desit
852 1192 933 1229 omne
948 1175 1022 1244 qnod
1038 1174 1192 1229 sententias
1207 1174 1290 1245 longe

116 1264 242 1319 diuersas
262 1264 415 1333 coniungat
432 1264 584 1320 uinculum.
623 1264 697 1334 qnod
716 1263 799 1333 quale
819 1265 876 1320 iere
896 1265 962 1319 olim
978 1264 1048 1318 mihi
1062 1263 1192 1318 uideatur
1206 1264 1292 1319 fuisse

114 1354 146 1404 ut
165 1352 296 1419 indicem,
315 1353 395 1407 lubet
408 1353 538 1408 exhibere
554 1355 627 1422 qnod
642 1355 671 1408 in
686 1358 809 1407 mentem
823 1355 902 1408 uenit
918 1353 1143 1423 supplementum
1159 1352 1291 1407 nimirum

116 1440 199 1511 longe
218 1442 333 1496 inferius
352 1447 412 1496 arte
432 1441 600 1512 ingenioque
619 1447 720 1512 poetae
740 1444 921 1498 Veronensis:

311 1531 414 1600 Atquei
433 1549 483 1586 neo
503 1530 577 1586 diuis
596 1532 724 1586 homiues
744 1532 905 1603 componier
923 1549 1022 1601 aequm
1043 1535 1098 1600 est,

346 1621 399 1687 Qui
419 1637 469 1674 sua
487 1619 630 1675 caelicolis
649 1621 809 1675 attribuunt
827 1621 910 1689 uitia;

310 1711 370 1766 Nec
389 1711 472 1766 decet
489 1712 539 1765 hos
559 1727 645 1764 annos
664 1728 771 1765 morum
792 1711 919 1766 custodia
938 1710 1007 1764 dura

346 1803 502 1869 (Ingratum
522 1800 635 1854 tremuli
655 1799 724 1854 tolle
744 1800 868 1870 parentis
888 1803 989 1867 onnsl).

114 1888 170 1941 lale
199 1887 267 1956 quid
296 1888 319 1941 si
349 1888 462 1959 scripsit
484 1888 622 1955 Catullus,
651 1904 669 1940 a
695 1888 855 1942 discrimine
884 1905 1020 1942 annorum
1048 1888 1122 1942 inter
1144 1888 1236 1957 ipsum
1260 1895 1290 1943 et

114 1975 251 2031 amasiam
271 1978 461 2031 intercedente
480 1977 527 2047 (cl.
549 1995 634 2046 supra
652 1996 678 2046 p.
699 1979 743 2046 33)
762 1978 859 2047 aptum
879 1976 982 2046 repetit
1000 1981 1209 2045 argumentum,
1234 1995 1289 2045 quo

115 2083 223 2119 morum
247 2065 371 2136 regimen
397 2067 515 2119 recusat.
554 2066 674 2120 alterurn
697 2065 818 2133 denique
842 2067 1050 2136 argumentum,
1079 2065 1188 2121 scilicet
1211 2067 1289 2120 nullo

116 2154 174 2209 inre
204 2172 233 2208 se
262 2171 405 2209 censorem
432 2172 515 2224 agere
540 2155 651 2224 puellae
675 2156 773 2225 utpote
797 2172 851 2209 non
876 2155 957 2209 iustis
981 2155 1070 2209 taedis
1094 2155 1146 2209 sibi
1170 2155 1289 2223 iunctae,

115 2244 295 2312 sequentibus
313 2243 421 2314 profert
439 2243 574 2298 distichis.
597 2276 626 2284 -
648 2244 715 2314 103,
736 2243 802 2299 104.
822 2259 877 2299 nec
895 2245 995 2299 tamen
1010 2244 1068 2298 Illa
1080 2244 1155 2298 milli
1169 2245 1291 2301 deastra

116 2332 246 2388 deducta
255 2334 384 2402 paterna
396 2333 584 2400 fragrantem
595 2334 719 2401 assyrio
729 2334 815 2388 uenit
824 2333 916 2389 odore
925 2333 1056 2389 domum.
1081 2333 1290 2388 aduersatiuum

115 2423 185 2477 illud
203 2424 330 2493 ‘tamen',
347 2423 483 2491 quidquid
498 2423 674 2477 intercidisse
687 2423 836 2477 statuimus
850 2425 890 2492 (et
903 2423 939 2478 de
953 2423 1046 2478 uerbis
1056 2425 1175 2490 tantum,
1190 2425 1289 2478 nonde

116 2529 145 2566 re
164 2514 259 2582 potest
277 2528 337 2566 esse
356 2512 507 2576 dubitatio,
526 2528 661 2566 conexum
675 2513 737 2582 ipso
751 2530 778 2567 u.
795 2518 844 2566 102
860 2510 1079 2582 suppeditante),
1097 2512 1189 2566 locum
1203 2513 1291 2568 habet

115 2601 231 2657 nullum.
268 2605 440 2671 postremum
469 2601 542 2655 enim
571 2603 600 2656 in
624 2601 696 2656 serie
721 2619 829 2668 eorum,
859 2600 960 2670 quibus
982 2601 1076 2671 posita
1100 2600 1129 2654 in
1148 2619 1174 2654 u.
1194 2605 1228 2656 06
1247 2619 1288 2670 sq.

117 2691 306 2760 stabiliuntur,
325 2691 479 2745 membrum
501 2708 562 2745 curn
583 2709 656 2745 nnnc
675 2690 847 2759 exhibeatur,
867 2690 1080 2745 conuenientem
1100 2690 1183 2744 huius
1201 2689 1289 2759 partis

115 2781 162 2835 fini
186 2781 315 2836 nornlam
339 2780 535 2834 desideramus.
572 2796 679 2835 memor
700 2780 789 2849 igitur
812 2780 990 2834 confusarum
1009 2782 1067 2834 tam
1086 2795 1169 2848 saepe
1187 2796 1288 2834 uocum

116 2871 221 2925 ‘tamen
242 2871 307 2940 (tri)'
328 2871 358 2925 et
377 2869 500 2923 ‘tandem
519 2869 594 2939 (tm)'
616 2870 668 2923 hoc
682 2869 800 2924 alterum
816 2869 934 2924 restitui.
971 2868 1091 2923 maiores
1106 2867 1288 2922 difficultates

115 2961 231 3028 praebet
258 2961 413 3029 proximum
445 2957 595 3023 ‘deastra’‚
623 2959 696 3026 quod
726 2959 812 3027 uulgo
844 2958 1006 3013 auctoribus
1034 2957 1113 3012 Italis
1146 2959 1231 3012 cessit
1258 2958 1287 3011 in

115 3049 237 3104 ‘dextra'
259 3047 432 3118 (Schwabius
457 3047 607 3113 ‘dexstra’,
630 3046 745 3101 Ellisius
772 3046 926 3113 ‘decetra’).
963 3064 1037 3115 quae
1060 3047 1178 3100 mutatio
1202 3064 1287 3115 quam

113 3138 207 3193 facilis
234 3155 252 3192 a
279 3137 395 3203 litteris,
424 3139 483 3191 tam
509 3136 615 3190 reicula
640 3154 658 3190 a
683 3135 821 3190 sententia
842 3136 893 3190 est.
930 3152 995 3190 narn
1019 3136 1043 3190 si
1067 3154 1128 3190 cunr
1154 3134 1287 3190 Santenio

113 3228 184 3282 baec
208 3226 361 3296 accipimus
384 3227 419 3281 de
442 3225 566 3296 uirgine,
590 3237 662 3294 quae
685 3224 746 3279 uiro
770 3224 798 3278 in
823 3243 934 3280 uranum
960 3226 1091 3279 conuenit
1109 3224 1182 3296 (Ter.
1202 3227 1287 3283 Andr.

114 3315 169 3386 Is,
189 3318 249 3383 11),
272 3331 362 3383 neque
385 3314 452 3383 quid
477 3312 584 3369 abolita
607 3314 663 3368 lere
683 3312 787 3367 Catulli
809 3316 935 3383 tempore
960 3313 989 3367 in
1007 3330 1120 3368 manum
1139 3315 1288 3370 conuentis

113 3404 166 3459 sibi
189 3404 261 3458 uelit
284 3403 466 3473 perspicimus
491 3420 580 3472 neque
605 3419 670 3457 uero
694 3401 835 3471 quomodo
860 3404 931 3456 haec
953 3402 1098 3456 conciliari
1117 3405 1206 3474 possit
1224 3422 1285 3458 cnm

114 3511 194 3549 uersu
218 3490 355 3562 sequenti.
393 3492 496 3547 etenim
521 3493 635 3545 domum
654 3492 824 3559 fragrantem
845 3491 890 3558 (cl.
911 3490 995 3557 V18)
1015 3491 1135 3559 Assyriis
1155 3494 1287 3546 aromatis

113 3583 185 3651 (Tib.
211 3584 265 3650 13,
287 3589 301 3637 '1
326 3584 456 3652 Assyrios
483 3582 587 3646 odom)
616 3578 750 3648 intellege
779 3579 874 3632 mariti
901 3578 985 3632 aedes
1013 3579 1097 3648 digne
1123 3585 1287 3651 excepturas

113 3690 214 3727 nouam
234 3672 377 3725 dominam
396 3671 442 3740 (cf.
461 3668 628 3725 Rossbachii
647 3669 718 3722 liber
738 3666 915 3722 ‘Roemisshe
935 3666 1005 3722 Ehe’
1027 3686 1053 3737 p.
1074 3672 1148 3737 3³5),
1173 3669 1285 3740 quibus·

113 3778 175 3816 cum
204 3761 228 3815 si
254 3761 433 3814 coniunctum
463 3760 567 3829 legitur
595 3758 754 3820 ‘deducta’‚
784 3773 866 3811 nemo
893 3756 977 3810 facile
1005 3756 1145 3827 cogitabit
1172 3760 1226 3813 nisi
1251 3759 1285 3815 de

114 3850 243 3906 sollemni
271 3850 384 3903 domum
409 3847 585 3903 deductionis
608 3863 685 3901 more
708 3846 754 3914 (cf.
779 3846 814 3899 ad
838 3863 861 3900 e.
886 3844 971 3913 LXI);
1003 3846 1077 3900 unde
1101 3848 1197 3915 procul
1221 3852 1287 3903 suut

113 3939 227 3995 arcendi
251 3938 307 3993 loci
330 3937 410 3993 Ouid.
436 3937 518 4007 epist.
544 3944 585 4004 15,
604 3943 656 3990 313
680 3935 797 4004 aliique,
825 3934 872 3988 ubi
897 3934 1056 3989 ‘deducere'
1082 3934 1213 3990 lenocinii
1238 3936 1285 3990 sd·

113 4028 228 4083 mixtam
252 4028 340 4082 habet
361 4029 512 4081 notionem.
551 4027 593 4080 sin
616 4025 674 4081 tera
696 4025 808 4095 flagitas
833 4023 861 4077 ‘a
884 4026 965 4092 patre
989 4023 1104 4077 tradIta’
1130 4023 1216 4091 (LXII
1240 4028 1285 4094 60)

112 4134 170 4171 rem
196 4116 301 4172 Catulli
325 4114 445 4184 tempori
469 4132 524 4169 non
547 4115 644 4183 aptam
668 4114 802 4180 inferens,
826 4112 920 4182 potius
945 4109 1088 4166 ‘adducta’
1114 4113 1160 4189 uel
1183 4113 1286 4168 similia

112 4203 310 4259 desiderantur.
350 4205 406 4257 iarn
425 4220 486 4257 cum
505 4204 567 4271 hoc,
586 4203 678 4272 siquid
693 4203 779 4270 aliud,
799 4201 986 4255 certissimum
1002 4200 1047 4267 sit,
1065 4201 1094 4254 in
1108 4218 1212 4272 pompa
1226 4201 1285 4268 illa,

112 4310 168 4362 qua
190 4310 265 4348 noua
287 4297 376 4362 nupta
398 4292 426 4346 in
450 4292 565 4346 domum
587 4291 681 4346 mariti
700 4291 867 4356 ducebatur,
890 4291 963 4344 hanc
983 4306 1037 4343 non
1056 4306 1117 4344 esse
1135 4291 1249 4345 ductam
1269 4308 1286 4346 a

110 4386 191 4453 patre
216 4383 262 4454 (cf.
287 4384 383 4438 ltossb.
409 4383 427 4436 l.
451 4382 469 4436 l.
493 4400 519 4451 p.
544 4384 623 4450 336),
651 4382 742 4435 elucet
762 4398 846 4449 quam
871 4380 946 4433 ouini
965 4396 982 4433 a
1000 4381 1079 4448 parte
1098 4396 1230 4449 peruersa
1248 4379 1286 4437 sit

1017 4467 1072 4522 34*
