2940 4912
223 311 287 375 100
766 311 804 365 v1
823 318 847 367 a.

221 487 251 524 se
269 470 358 525 tacito
377 470 489 540 ineptus
507 469 701 539 absurdusque
724 472 774 525 est.
812 487 902 540 neque
921 470 1075 540 quidquam
1094 470 1244 539 proliciunt
1262 470 1310 538 qui
1331 471 1393 524 ‘nc-

221 559 375 628 quidquam
395 558 530 614 tacitum’
552 577 633 614 sensu
657 577 720 614 cum
740 560 854 630 passiuo
873 560 919 629 (dc
939 578 993 629 quo
1012 562 1133 629 tacetur)
1157 558 1193 614 ad
1212 559 1308 629 priora
1325 559 1395 613 rele-

221 649 288 702 runt
300 652 367 703 ante
383 649 498 704 ‘cubile'
513 649 758 720 interpungentes3
778 650 853 718 quod
870 665 888 702 a
901 650 1042 705 sententia
1054 667 1111 704 non
1125 649 1217 703 minus
1231 666 1395 719 percensum

221 740 273 792 est.
310 754 376 807 ergo
400 737 556 792 mutatione
579 755 668 808 paene
686 737 766 792 nulla
791 739 900 793 reddidi
918 741 1020 808 poetae
1040 740 1085 792 ‘te
1107 756 1165 793 non
1183 739 1282 793 uiduae
1304 738 1396 792 iacere

221 829 318 881 noctes
336 843 388 882 nee
410 827 564 898 quidquam
587 829 734 897 tacitum’,
753 830 806 883 hoc
825 830 881 898 est,
906 831 935 882 et
956 826 1027 882 nihil
1051 828 1179 897 quietum
1202 826 1396 896 silentemque,

220 916 312 984 qualis
332 933 393 971 esse
412 917 484 971 solet
502 918 550 987 qui
568 918 598 972 in
616 919 700 973 nocte
722 919 797 972 solus
817 919 913 985 cubat,
933 919 981 972 sed
1001 918 1091 972 multo
1105 933 1169 971 oum
1184 917 1251 971 lecti
1266 917 1396 987 strepitu,

221 1003 312 1074 qualis
336 1007 368 1058 fit
390 1005 419 1059 in
442 1006 518 1061 bello
537 1007 658 1062 Venerio
681 1008 727 1076 (ci.
747 1007 828 1062 Ouid.
848 1023 902 1064 am.
922 1006 961 1061 IlI
982 1013 1028 1075 14,
1051 1012 1085 1061 26
1108 1007 1266 1075 spondaque
1289 1007 1396 1060 lasciua

220 1095 369 1148 mobilitate
394 1100 503 1162 lrabeat,
526 1095 665 1164 lucent,
686 1101 719 1149 77
742 1098 817 1152 testie
840 1092 908 1151 sisti
931 1096 1044 1151 botulus
1063 1101 1088 1150 et
1110 1101 1154 1163 tu,
1178 1096 1215 1150 ad
1238 1113 1313 1163 aum
1332 1113 1395 1164 per-

222 1186 298 1238 ueait
317 1185 379 1238 lecti
397 1200 481 1239 aouue
498 1190 523 1238 et
541 1185 667 1239 dominae
685 1185 761 1254 aaa).
790 1200 855 1238 nam
875 1185 907 1238 ut
926 1184 989 1239 ‘nec
1003 1183 1163 1253 qnisquam'
1180 1200 1231 1252 pro
1247 1183 1287 1239 ‘et
1301 1184 1393 1237 nemo'

223 1273 395 1328 adamabant
413 1273 547 1344 Romani,
566 1274 605 1328 sio
624 1275 710 1328 ctiam
727 1273 789 1327 ‘neo
804 1274 968 1343 quidquam’
989 1290 1039 1343 pro
1060 1273 1100 1327 ‘et
1117 1273 1200 1326 nihil'
1222 1273 1398 1327 adhibebant

223 1360 266 1415 ita
284 1378 409 1431 quoque,
433 1365 465 1416 ut
484 1362 669 1431 ‘quidquam'
696 1362 868 1432 adaequaret
888 1362 1032 1417 'omnino’
1053 1362 1099 1417 uel
1120 1362 1194 1416 ‘ullo
1217 1361 1332 1428 mod0’3
1357 1361 1396 1414 sic

223 1449 326 1505 Caecil.
341 1455 392 1504 207
410 1450 492 1505 Ribb.
511 1467 573 1519 aee,
592 1469 669 1522 quem
687 1451 779 1505 dolum
799 1491 824 1505 ..
843 1452 1014 1518 commoliar,
1031 1452 1089 1506 acio
1106 1452 1256 1520 quidquam
1276 1456 1319 1518 (ε
1335 1450 1394 1504 ullo

224 1537 328 1608 modo),
347 1537 439 1593 Pluut.
455 1542 501 1594 As.
516 1539 555 1593 lv
571 1545 613 1608 11,
627 1545 662 1595 40
675 1539 776 1609 nequid
789 1539 836 1592 eui
848 1539 961 1593 osembri
974 1543 1139 1592 commoueat
1152 1541 1306 1609 quicquam,
1325 1538 1395 1594 Eun.

222 1642 286 1682 ann.
307 1634 359 1682 428
385 1646 469 1698 aeque
494 1645 609 1698 corpora
633 1630 653 1697 s.
679 1630 836 1698 hnpuaint
857 1629 1009 1698 quiequam.
1054 1626 1262 1696 ‘nequaquam’
1289 1629 1397 1682 Statius

223 1716 411 1786 Heinsiusque
429 1720 578 1773 uoluerant
599 1718 691 1772 minue
709 1720 789 1788 grate
808 1717 913 1772 omissa
937 1716 1045 1786 copula.
1081 1720 1243 1784 utrumque,
1264 1715 1395 1769 ‘uiduae’

221 1807 251 1859 et
271 1805 352 1861 ‘nihil
372 1807 513 1876 tacitum’,
532 1807 675 1877 explicant
692 1807 747 1863 18111
767 1823 812 1861 uu.
827 1824 887 1875 sqq.
903 1836 935 1846 -
956 1805 984 1859 8.
1004 1804 1107 1876 sertia,
1126 1804 1235 1872 Aayrlo
1254 1804 1396 1874 fragrans

222 1894 317 1950 oliuo.
359 1894 508 1952 manifesta
533 1896 697 1951 concubitus
720 1895 790 1951 tacti
815 1895 921 1950 indicia
945 1911 1013 1965 prae
1039 1911 1069 1948 se
1095 1895 1151 1949 lert
1175 1894 1267 1948 cubile
1293 1895 1397 1963 sparsis

220 1983 324 2052 ubique
347 1987 485 2039 sertorum
508 1984 634 2054 reliquiis
661 1984 812 2040 ctesilaus
835 1985 926 2039 adhuc
950 1999 1028 2038 acres
1052 1982 1159 2037 odores.
1202 1985 1277 2037 serta
1302 1985 1397 2037 autem

222 2074 343 2127 maxime
362 2090 378 2128 e
396 2074 466 2128 rosia
484 2072 589 2128 Veneri
607 2073 693 2128 aucn's
712 2072 790 2128 facta
807 2073 942 2143 intellege
960 2072 1029 2140 (Cic.
1044 2072 1125 2128 Tuso.
1141 2070 1180 2125 111
1200 2077 1242 2139 18,
1261 2077 1297 2126 46
1315 2074 1395 2126 sertia

220 2164 346 2218 redimiri
368 2164 474 2218 iubebis
496 2169 521 2218 et
543 2165 630 2234 rosa),
653 2163 754 2233 quibus
777 2162 870 2218 uiolae
893 2162 998 2231 aliique
1022 2161 1104 2217 flores
1126 2160 1245 2216 admixti
1269 2160 1347 2229 (ibid.
1372 2162 1396 2213 V

222 2258 265 2322 26,
286 2254 339 2321 73).
378 2252 479 2322 quibus
498 2253 579 2309 sertis
603 2254 636 2307 ut
654 2253 780 2308 coronati
803 2256 884 2306 erant
906 2255 1032 2307 amantes
1052 2252 1168 2307 Veneris
1187 2253 1261 2307 testa
1278 2254 1396 2321 agentes

220 2342 267 2412 (ci.
294 2359 335 2397 er.
355 2361 396 2413 gr.
422 2343 505 2414 Apul.
524 2345 590 2400 met.
614 2342 640 2395 Il
666 2345 723 2413 16),
748 2343 790 2397 ita
814 2340 843 2396 in
869 2341 975 2396 eisdem
1003 2341 1157 2397 cubabant:
1184 2340 1289 2396 Seneca
1314 2342 1396 2410 epist.

220 2437 264 2498 82,
283 2437 299 2485 3
318 2435 367 2502 qai
385 2434 417 2487 in
434 2434 563 2488 odardus
580 2434 664 2500 iacet,
689 2432 757 2487 ibid
777 2438 825 2499 66,
844 2438 860 2485 9
878 2433 910 2486 iu
928 2448 993 2487 roea
1010 2433 1113 2498 iaeeal;
1131 2429 1292 2485 Philostrat.
1312 2431 1395 2500 epist.

221 2529 255 2576 64
274 2524 343 2590 (28);
369 2522 435 2577 Hor.
455 2523 500 2578 od.
519 2522 529 2575 l
550 2528 615 2591 6,1
641 2524 704 2593 quie
728 2523 816 2577 malta
840 2523 954 2591 praeitis
980 2526 1006 2576 te
1028 2537 1098 2591 paer
1123 2522 1154 2575 ia
1178 2537 1242 2576 roaa
1263 2522 1397 2589 perfusus

221 2612 336 2681 liquidis
358 2617 456 2683 aequet
479 2613 608 2667 odoribus
630 2617 709 2681 prato
728 2612 840 2682 Pyrrba
864 2611 914 2666 aab
933 2615 1028 2678 antro,
1053 2609 1102 2664 ubi
1127 2627 1190 2664 cum
1209 2610 1280 2664 rosis
1298 2610 1396 2664 stratis

221 2699 320 2754 itidem
340 2700 483 2754 coniuncti
503 2703 568 2755 sunt
585 2700 686 2770 liquidi
705 2701 818 2766 odores,
836 2717 954 2768 quorum
972 2717 1053 2754 usum
1072 2699 1113 2754 sic
1127 2699 1242 2768 exponit
1255 2699 1395 2753 Muretus:

221 2789 262 2843 ‘in
287 2790 340 2843 hac
366 2806 477 2859 quoque
502 2791 644 2858 palaestra
669 2789 802 2845 luctaturi
827 2789 905 2859 priua
927 2789 1045 2844 odorato
1071 2789 1166 2858 aliquo
1191 2789 1254 2843 oleo
1278 2805 1397 2858 corpora

219 2968 268 3022 ille
288 2968 448 3023 sudantium
466 2968 654 3023 membrorum
674 2968 779 3022 halitus
799 2965 1009 3037 depelleretur’.
1041 2970 1071 3023 et
1089 2968 1207 3023 eandem
1227 2968 1263 3022 ob
1282 2984 1395 3022 causam

221 3057 306 3111 etiam
325 3056 394 3112 lecti
412 3057 466 3128 ipsi
485 3057 713 3128 perungebantur
727 3056 808 3126 (Ciris
823 3061 874 3109 512
888 3057 1026 3112 thalamus
1040 3057 1123 3129 Syrio
1140 3058 1273 3128 fraproae
1291 3059 1396 3127 accepit

222 3150 345 3215 amomo).
373 3149 405 3200 ut
420 3147 505 3202 ‘olea’
523 3150 552 3201 et
571 3144 680 3224 ‘oliua’‚
699 3145 739 3199 sic
759 3145 873 3200 ‘oleum’
895 3147 925 3199 et
944 3145 1073 3200 ‘cliuum‘
1095 3149 1159 3199 eunt
1177 3146 1251 3200 idem
1270 3149 1394 3216 (semper

221 3240 301 3291 erant
319 3237 367 3305 qui
386 3235 439 3290 hoo
458 3253 508 3305 pro
527 3234 578 3289 illo
597 3238 745 3305 ponerent:
765 3232 845 3291 Lucr.
860 3234 886 3287 ll
905 3240 969 3302 691,
989 3232 1078 3289 Varro
1098 3233 1172 3304 apud
1189 3235 1271 3291 Char.
1290 3253 1318 3305 p.
1335 3241 1396 3305 139,

223 3333 255 3380 16
270 3328 316 3396 Κ.,
335 3325 419 3396 Verg.
437 3325 487 3381 ecl.
503 3330 528 3394 b,
544 3326 601 3393 68);
621 3323 670 3380 sed
688 3324 721 3378 ut
739 3325 831 3378 oleum
852 3324 937 3378 etiam
957 3340 1039 3378 sensu
1058 3324 1193 3394 ampliore
1208 3340 1258 3394 pro
1272 3325 1397 3380 cuiusuis

221 3415 334 3486 plantae
360 3414 503 3471 arborieue
527 3414 683 3470 odoriferae
708 3430 774 3468 suco
799 3413 913 3483 ponitur
937 3414 984 3482 (ci.
1012 3430 1053 3469 ex.
1073 3431 1113 3482 gr.
1140 3413 1211 3469 Plin.
1237 3415 1264 3467 11.
1284 3434 1311 3470 n.
1330 3414 1397 3469 11111

222 3513 245 3574 1,
265 3513 280 3560 2
297 3508 383 3576 sqq),
402 3507 442 3560 sic
461 3508 490 3560 et
509 3504 615 3561 cliuum
634 3503 775 3559 interdum
796 3503 914 3571 quoduis
931 3504 1105 3575 unguentum
1120 3502 1236 3558 fluidum
1256 3503 1396 3575 designat,

221 3599 253 3649 ut
271 3596 346 3665 apud
365 3596 446 3666 Prop.
462 3596 501 3649 111
518 3601 559 3664 17,
575 3602 606 3650 31
628 3596 741 3651 admoto
760 3595 855 3648 ceruix
872 3594 998 3648 manabit
1011 3594 1100 3661 oliuo,
1118 3593 1194 3650 Pare.
1209 3601 1234 3663 6,
1249 3599 1291 3648 44.
1325 3594 1398 3650 dicit

220 3682 291 3738 Pliu.
311 3685 338 3737 h.
357 3704 384 3742 n.
404 3685 455 3739 XII
476 3692 522 3754 26,
544 3693 594 3740 iae
618 3687 714 3740 dotet
737 3685 937 3738 malobathrum
961 3683 1060 3754 Syria,
1081 3726 1104 3738 ..
1129 3699 1162 3738 eu
1184 3701 1237 3755 quo
1257 3686 1398 3754 promitur

220 3774 307 3827 oleum
331 3775 368 3827 ad
391 3782 543 3845 unquenta3
568 3791 738 3845 quamquam
757 3776 787 3828 et
805 3775 924 3829 aliorum
943 3790 1037 3828 rorum
1056 3773 1205 3828 odororum
1223 3771 1326 3829 fertilis
1346 3775 1396 3844 Sy·

222 3861 277 3929 ria,
297 3879 366 3930 quos
385 3863 491 3932 passim
505 3869 726 3920 commemorant
740 3867 848 3935 poetae.
879 3863 995 3917 ‘aeirio'
1016 3864 1103 3918 habet
1116 3863 1148 3932 V,
1167 3880 1288 3934 proquo
1307 3863 1397 3934 uulgo

222 3952 272 4006 ‘ac
296 3950 408 4022 Syrio'3
433 3953 482 4006 sed
506 3956 599 4022 potest
621 3955 686 4018 (nisi
709 3953 780 4009 forte
807 3954 854 4007 ‘a’
881 3968 915 4006 ex
940 3952 999 4006 ‘et’
1025 3953 1116 4006 ortum
1140 3955 1248 4008 statuae
1272 3951 1343 4008 uitio
1367 3953 1396 4007 in

223 4041 364 4112 scriptura
382 4042 584 4113 langobardica
602 4061 656 4098 non
674 4046 716 4098 ita
734 4045 809 4112 raro)
833 4044 886 4097 hoo
908 4041 1001 4111 ipsum
1024 4041 1165 4110 ‘Asyrio',
1185 4060 1218 4097 ex
1237 4041 1399 4098 Catulliana

221 4131 362 4188 scribendi
382 4132 490 4187 ratione
510 4136 605 4202 (supra
623 4153 649 4203 p.
666 4135 710 4201 62)
730 4150 781 4202 pro
802 4132 947 4202 ‘Assyrio’
969 4130 1105 4200 positum,
1124 4131 1253 4200 retineri,
1272 4133 1305 4186 ut
1322 4132 1398 4187 adsit

221 4220 353 4276 nimirum
371 4223 527 4293 asyndeton
551 4221 622 4277 illud
647 4222 883 4292 enumeratiunm‚
902 4221 938 4276 dc
957 4237 1011 4290 quo
1032 4221 1066 4275 ct.
1086 4238 1127 4276 er.
1147 4240 1188 4291 gr.
1207 4220 1396 4292 Nipperdcius

168 4358 176 4372 ,
220 4311 256 4365 ad
283 4310 347 4368 Tac.
372 4329 435 4368 ann.
462 4311 499 4366 IV
522 4318 557 4366 43
581 4313 710 4383 quodque
734 4314 770 4367 ab
792 4312 876 4366 huius
904 4311 958 4365 loci
986 4310 1082 4365 indole
1110 4310 1226 4367 minime
1253 4311 1398 4367 abhorret

221 4399 349 4472 ‘Syrius'
370 4405 400 4458 et
419 4401 581 4474 ‘Assyrius’
607 4401 667 4457 sine
690 4403 749 4458 ullo
769 4399 930 4457 discrimine
949 4401 1081 4456 dicebant
1098 4417 1154 4456 non
1174 4400 1265 4468 solum
1284 4404 1397 4471 poetae,
