2940 4912
144 331 208 396 248
629 328 730 385 XLVII
748 333 826 385 2-4.

144 493 295 552 contulisse
314 492 510 566 proconsulem
529 494 559 548 et
582 492 659 561 ipsos
683 491 757 546 iuter
780 508 810 547 se
828 489 938 549 iunctos
957 507 1018 549 esse
1036 493 1114 548 fideli
1133 495 1323 564 concordique

145 585 238 642 animo
258 584 356 639 innuit.
372 615 406 625 -
425 583 454 639 2.
474 582 591 639 scabies
608 582 763 649 taurosque
782 581 897 637 munii.
925 582 972 638 hic
986 599 1098 653 quoque
1113 582 1213 638 uitium
1226 584 1321 655 ipsum

143 674 258 746 ponitur
271 691 322 744 pro
337 673 506 743 hominibus,
519 671 547 726 h.
563 688 586 727 e.
601 687 652 742 pro
667 669 803 727 scabiosis
817 671 847 726 et
860 670 1005 728 famelicis.
1033 671 1105 730 cels.
1120 673 1198 742 ΠΒ,
1214 680 1247 730 lt
1261 691 1320 730 sca

146 767 201 821 bico
219 769 257 821 eat
276 765 374 820 siurim
392 764 463 819 cuts’s
475 762 648 828 rabiosam
667 777 700 816 ecc
718 777 774 831 quc
788 761 919 830 pustulae
936 763 1080 830 oriamur,
1098 765 1233 836 mutam
1249 767 1321 820 ami-

146 856 248 923 diorra,
268 854 402 925 qaudam
420 853 560 918 accincta
583 852 641 907 ecit
659 867 692 906 eu
710 850 873 921 piundum
895 853 1001 919 eunice,
1024 853 1106 923 fitquc
1124 870 1157 908 ec
1174 853 1217 908 bis
1235 855 1322 909 conti·

145 950 234 1000 unctu
257 944 421 1000 cnsdceotto
440 942 573 1012 prusiam
592 982 598 996 .
616 983 622 996 .
643 955 696 1010 qao
718 941 841 1010 ametor
864 946 903 996 cet
925 957 1029 1012 qaoque
1046 944 1144 1012 prum
1167 945 1267 1014 mauu,
1291 960 1323 999 eo

146 1034 291 1102 difficilius
313 1033 426 1089 tollitur.
463 1031 556 1086 missis
580 1032 676 1086 antem
699 1045 770 1099 quae
794 1030 829 1085 de
851 1029 968 1100 pecudis
992 1031 1085 1086 scabie
1104 1032 1219 1087 tradunt
1238 1031 1323 1102 (Cato

146 1121 172 1177 d.
191 1139 213 1178 r.
233 1141 254 1179 r.
273 1127 298 1189 b,
318 1129 343 1192 7,
362 1122 457 1179 quen.
481 1127 511 1188 2,
531 1122 576 1190 79)
602 1119 700 1176 alienis
723 1119 777 1175 hoc
800 1119 896 1175 subest
918 1119 1085 1176 conuitium:
1108 1138 1159 1176 uos
1178 1122 1226 1192 qui
1244 1121 1324 1196 turpi

147 1211 245 1267 morbo
263 1210 400 1266 laboratis
420 1212 450 1265 ct
466 1208 590 1266 famelici
613 1209 687 1265 esna.
725 1211 828 1278 putant
851 1207 895 1262 his
914 1208 1005 1265 inesse
1023 1226 1143 1266 acumen
1165 1210 1323 1280 quoddamr

146 1316 317 1370 quamquam
335 1299 444 1371 magnis
464 1317 527 1355 cum
546 1297 703 1368 sumptibus
728 1296 823 1352 facitis
843 1297 985 1368 conuiuia,
1009 1302 1104 1355 tamn
1123 1315 1153 1354 re
1171 1315 1238 1354 uera
1256 1300 1325 1356 estis

146 1388 278 1445 famelici.
316 1388 386 1444 mihi
404 1391 433 1444 et
449 1387 504 1445 hoo
522 1387 748 1458 irigidinsculum
762 1402 823 1442 esse
838 1386 951 1442 uidetur
964 1391 993 1444 et
1007 1388 1078 1444 illud
1092 1388 1128 1444 de
1142 1405 1209 1444 uero
1223 1390 1323 1446 morbo

147 1477 304 1549 turpi'non
327 1479 364 1534 ad
386 1495 445 1534 rem
467 1477 614 1549 pertinere.
657 1476 756 1531 malim
780 1475 867 1547 igitur
891 1476 1032 1533 ‘scabies’
1058 1478 1193 1534 translate
1216 1477 1325 1534 dictum

148 1567 288 1639 accipere,
311 1570 344 1622 ut
366 1567 472 1623 sactum
497 1568 539 1622 est
561 1567 597 1622 ab
620 1565 687 1622 Hor.
711 1565 790 1637 epist.
809 1564 823 1617 I
847 1570 893 1634 12,
918 1572 952 1620 14
975 1583 1036 1622 cam
1059 1572 1090 1622 tu
1112 1568 1325 1624 intersectione

148 1663 256 1715 tautam
274 1663 299 1714 ct
317 1658 446 1729 eustacio
464 1658 537 1714 tucri
554 1657 597 1713 sul
612 1673 735 1727 paruum
752 1656 862 1725 sapius,
880 1654 983 1724 quibus
1002 1657 1095 1712 uerbis
1109 1654 1199 1712 Iccius
1215 1659 1325 1714 uersari

149 1746 253 1803 dicitnr
270 1746 344 1803 inter
362 1747 490 1802 homiues
508 1746 623 1801 affectos
642 1744 716 1816 turpi
736 1744 787 1800 illo
811 1745 890 1799 lucra
908 1738 1078 1801 conracicudi
1097 1746 1208 1813 morbo,
1227 1747 1276 1816 qui
1295 1749 1327 1802 et

149 1839 294 1907 tamquam
313 1837 388 1892 iuter
405 1851 508 1906 pecora
527 1833 657 1905 contagio
672 1833 768 1904 serpat
787 1834 816 1887 et
833 1831 949 1888 meiius
964 1833 1087 1889 animum
1106 1836 1235 1889 mordeat
1248 1838 1325 1892 urat-

149 1942 210 1995 quc.
249 1924 402 1993 eodemque
420 1923 505 1978 modo
525 1921 549 1977 si
567 1921 721 1977 secundum
739 1920 859 1992 Vergilii
876 1920 946 1977 Aen.
966 1921 1005 1975 ΙΙΙ
1024 1928 1057 1978 tl
1077 1924 1143 1979 aaut
1160 1925 1225 1979 dira
1238 1925 1327 1992 sumes

149 2016 366 2084 interpretamur
381 2013 504 2081 ‘fames',
518 2012 588 2068 bene
602 2011 833 2080 nmounqmm
847 2028 1003 2082 synonyma
1017 2011 1182 2083 iunguntur:
1201 2031 1261 2085 nos,
1275 2017 1326 2085 qni

149 2107 294 2173 nmquam
318 2102 411 2158 scabie
429 2101 553 2177 correpti
575 2117 685 2171 semper
708 2100 786 2156 auidi
808 2101 925 2157 inhiatis
949 2101 1076 2173 (opibus,
1098 2103 1217 2173 rapinis,
1241 2105 1327 2175 sim).

149 2194 206 2249 iam
230 2195 263 2248 ut
286 2192 404 2248 aliorum
423 2192 512 2248 malas
531 2192 560 2246 iu
579 2191 674 2247 uerbis
694 2190 751 2246 illis
771 2191 973 2262 explicationes
991 2192 1145 2263 mittamus,
1164 2196 1252 2250 neat
1270 2212 1328 2252 nox

152 2283 271 2339 ‘mundi'
292 2285 322 2339 et
339 2298 390 2354 per
408 2299 437 2338 se
457 2280 665 2353 suspectissima
688 2296 740 2337 uec
759 2297 822 2336 cum
845 2280 1078 2352 interpretatione
1096 2298 1181 2352 supra
1198 2281 1328 2340 exhibita

151 2372 334 2429 concilianda,
361 2371 406 2427 cui
424 2371 499 2442 qnod
519 2371 584 2427 Itali
603 2371 721 2428 ridicule
741 2371 880 2427 ‘Memmi'
901 2371 1106 2427 substituerunt
1124 2388 1159 2427 ex
1175 2370 1326 2431 xxvnle

150 2462 334 2532 credulosquc
347 2463 471 2518 habuere
485 2462 657 2518 anteriorum
671 2461 810 2517 editorum
824 2461 982 2532 nonnullos,
999 2459 1168 2516 refirtatione
1182 2477 1238 2516 nou
1251 2464 1326 2534 eget

151 2551 248 2607 docuit
269 2554 364 2607 antem
387 2551 597 2608 FBuechelerus
621 2550 764 2623 [coniectt.
788 2550 837 2607 lat.
861 2570 888 2621 p.
908 2551 1012 2623 usqu]
1041 2553 1172 2606 accumta
1198 2550 1326 2622 disputa-

151 2642 240 2710 tione,
259 2641 399 2699 uocabula
418 2642 567 2712 ‘muudus‚
590 2640 740 2710 mundare,
758 2641 932 2697 munditiae’
958 2641 1032 2712 apud
1055 2642 1165 2698 ueteres
1183 2641 1326 2699 Romanos

153 2730 341 2801 ‘frequentari
364 2731 395 2786 iu
413 2732 490 2786 cultu
514 2731 670 2800 ornatuque
695 2730 820 2800 aedium,
842 2730 873 2785 iu
895 2731 1079 2802 apparatione
1103 2730 1225 2787 conuiuii
1244 2732 1327 2787 mini·

152 2819 312 2890 storiisque,
331 2821 361 2874 in
385 2819 534 2890 elegantiis
558 2837 591 2875 ac
614 2821 704 2876 nitore
728 2818 876 2875 mulierum
900 2822 930 2876 et
952 2821 1134 2888 amatorum’,
1154 2819 1257 2876 deinde
1275 2821 1326 2877 Ca·

152 2909 226 2965 tonis
242 2912 271 2964 et
285 2909 424 2979 Scipionis
438 2910 583 2979 Laeliiqne
596 2912 731 2981 tempore,
750 2911 777 2964 h.
792 2926 816 2965 e.
832 2927 894 2965 cum
909 2910 1140 2982 philosophorum
1155 2909 1327 2968 Graecorum

151 2997 255 3054 notitia
277 2997 366 3054 imbui
389 2998 558 3068 coepissent,
584 3015 717 3070 graecum
744 2998 847 3071 κόσμος
873 3000 908 3055 de
933 2999 1064 3056 uniuerso
1089 2999 1266 3070 maximeque
1291 3001 1327 3057 de

153 3087 232 3141 caelo
256 3085 362 3141 dictum
385 3086 473 3144 latine
496 3103 607 3143 uersum
631 3104 690 3143 esse
710 3089 873 3159 ‘mundns’,
897 3107 954 3146 nou
976 3090 1071 3146 tamen
1094 3091 1159 3146 ante
1178 3091 1328 3148 Horatium

153 3175 385 3246 Propertiumqne
403 3177 475 3231 bano
494 3193 591 3232 nocem
610 3179 722 3233 nactam
741 3194 802 3234 esse
821 3195 884 3234 eum
903 3178 1105 3250 sIguilicatum,
1124 3197 1180 3249 quo
1199 3183 1327 3237 nostmm

154 3263 250 3319 orbem
269 3266 406 3320 terrarum
425 3264 532 3322 innuat.
560 3281 630 3321 noce
649 3267 737 3337 igitur
756 3268 791 3323 ob
811 3285 922 3324 sensum
939 3268 1083 3325 acatullo
1101 3268 1196 3325 aliena
1213 3271 1329 3340 expulsa

154 3352 204 3409 ille
228 3354 352 3410 restitnit
370 3354 534 3424 ‘mundae’,
552 3355 580 3412 h.
600 3372 623 3413 e.
649 3373 741 3413 merae
765 3374 919 3428 puraeque,
942 3375 985 3429 ep.
1005 3359 1115 3415 Petrou.
1135 3365 1168 3412 41
1193 3360 1329 3416 amdam

155 3445 247 3515 suique
265 3445 411 3500 tabuimus
429 3448 459 3500 et
477 3444 560 3501 biart.
575 3445 614 3500 111
629 3451 671 3514 68,
686 3452 721 3500 45
736 3447 770 3502 de
784 3446 854 3503 nilla
872 3446 984 3504 misella
1001 3453 1037 3504 ot·
1050 3454 1081 3504 tu
1094 3449 1144 3505 aab
1158 3449 1225 3505 arbe
1239 3452 1328 3520 possi·

154 3536 201 3591 des
223 3536 322 3604 famem
345 3537 484 3592 mundum.
522 3537 593 3592 hanc
618 3537 820 3606 coniecturam,
844 3554 928 3607 quam
952 3538 1019 3594 oliuu
1043 3539 1148 3610 recepi,
1171 3539 1329 3610 speciosam

156 3641 225 3693 esse,
245 3625 308 3695 quis
326 3643 382 3682 uon
401 3625 556 3682 concedet?
583 3645 648 3682 num
668 3644 736 3683 uera
753 3629 798 3696 sit,
816 3645 890 3684 nnuc
904 3630 1004 3686 dubito
1018 3629 1055 3686 ob
1068 3629 1329 3701 interpretationem

156 3731 261 3784 meam,
290 3732 362 3783 qnae
390 3716 517 3771 additum
547 3717 630 3772 ‘auri’
661 3717 811 3773 desiderat.
852 3719 927 3788 qnod
954 3718 1011 3775 iam
1040 3720 1164 3790 requiro,
1191 3718 1245 3775 hoc
1272 3721 1329 3775 cst:

100 3877 105 3885 ·
156 3802 279 3859 ‘scabies
307 3803 450 3873 famesque
473 3807 628 3878 curn(m)i’,
657 3808 683 3862 h.
713 3824 736 3863 c.
763 3806 812 3876 qui
840 3807 996 3880 cupiditate
1023 3809 1158 3879 peeumsc
1184 3811 1329 3877 tamquam

155 3893 254 3948 morbo
272 3893 363 3948 taetro
383 3893 478 3949 affecti
497 3897 573 3951 estis.
603 3896 637 3952 cs.
658 3915 698 3952 ex.
714 3915 756 3968 gr.
776 3897 831 3953 Cic.
847 3895 925 3953 Font
941 3901 967 3965 t,
987 3902 1019 3950 11
1039 3914 1167 3954 nummus
1184 3898 1216 3953 is
1234 3896 1331 3953 Gallia

155 3985 250 4039 subus
272 3989 466 4054 mummius,
490 3985 627 4057 Vopiscus
652 3988 763 4044 Satnm.
784 3992 849 4058 8‚t
875 4002 949 4042 uass
971 3986 1029 4041 illie
1052 3988 1119 4042 deas
1141 4003 1269 4043 summac
1291 3992 1331 4043 eet

157 4074 278 4143 aliaque.
303 4105 335 4113 -
360 4073 388 4128 8.
412 4087 468 4129 uos
492 4090 554 4128 cum
578 4077 680 4133 affectu
704 4075 906 4149 indignationis
928 4072 1043 4130 effertur
1066 4076 1111 4145 (ci.
1131 4076 1220 4130 XLIII
1238 4079 1279 4147 t),
1298 4079 1332 4132 ut

156 4178 220 4217 mox
239 4182 265 4219 u.
285 4170 301 4218 6
321 4164 494 4219 contrarium
514 4165 585 4220 ‘mei
604 4167 743 4222 sodales’.
780 4171 903 4223 ceterum
927 4163 962 4221 cf.
982 4163 1033 4218 XII
1054 4170 1095 4221 li.
1115 4165 1332 4238 -I.nerp1s

155 4268 185 4322 p.
206 4253 337 4323 Prlapus
357 4252 428 4310 lllcl
467 4254 589 4324 ‘nerpi',
612 4272 736 4327 ancrpa
759 4257 818 4312 siue
841 4255 968 4310 mentula
989 4253 1057 4308 dicti
1078 4253 1206 4324 (XXVIII
1227 4258 1280 4324 12),
1298 4261 1332 4313 ut

157 4338 251 4410 ψωλὸς
274 4359 292 4395 u
314 4340 408 4412 ψωλή,
437 4345 574 4398 uocantur
596 4343 724 4402 homines
747 4344 905 4410 libidinosi3
930 4343 1036 4412 apua,
1065 4359 1166 4413 corpas
1189 4345 1333 4413 explicant

158 4431 269 4501 glossae
293 4431 369 4502 apud
388 4421 542 4509 Hauptium
561 4433 669 4504 [opusc.
687 4433 727 4501 ΙΙΙ
744 4432 825 4506 uStJ,
849 4431 897 4503 qui
919 4449 965 4504 cp.
983 4431 1140 4488 Iacobsium
1158 4432 1274 4490 Anthol.
1292 4433 1331 4490 IX
