2940 4912
144 329 165 392 6
589 323 872 382 Paoaaaolonna

144 500 249 574 poetas
264 495 393 558 creticos
408 499 564 556 enumerat
578 488 726 575 (ceterum
741 494 778 554 of.
788 494 950 558 Teuffelius
965 498 1056 558 Hth.
1070 496 1091 575 ξ
1106 500 1166 557 142
1183 501 1214 557 et
1231 492 1319 580 146),

146 596 275 654 alterum
299 595 485 672 epigramma
509 593 643 653 seruauit
665 593 752 653 nobis
775 593 879 655 Cicero
902 598 930 656 cl.
953 617 981 654 1.
1006 596 1033 655 d.
1057 596 1072 654 1
1096 599 1147 672 28,
1172 599 1226 657 79:

307 692 498 752 Constiterant
521 695 690 751 exorientem
712 688 864 752 Auroram
886 696 960 767 forte
982 697 1129 762 salutans,

352 790 426 850 Cara
448 793 540 849 sabito
564 808 583 849 o
606 791 691 849 lacteo
714 789 839 849 Roscios
861 795 996 853 exoritur.

304 888 380 948 Poce
402 889 473 947 milri
496 889 592 954 liceat,
615 887 761 955 coelestes,
784 890 877 947 deboc
899 894 1012 949 uestro:

349 985 488 1045 Mortalis
510 987 603 1045 eciam
621 986 754 1058 pulcrior
777 1003 837 1046 csso
859 987 918 1046 deo.

146 1089 290 1162 atquem
313 1085 374 1143 late
397 1081 530 1159 patuerit
552 1082 605 1142 illo
628 1085 762 1158 tempore
781 1076 874 1165 (once
892 1103 918 1146 a.
941 1077 1107 1166 110-90)
1127 1084 1234 1144 talium
1257 1084 1318 1161 epi-

146 1185 348 1258 grammatum
366 1199 457 1251 amor,
476 1199 572 1257 nuper
591 1180 776 1257 patefactum
794 1186 842 1242 est
860 1181 976 1242 detecto
999 1184 1029 1241 in
1048 1184 1213 1258 parietibus
1233 1182 1321 1243 Pom·

146 1282 259 1357 poianIs
283 1273 406 1362 (quibus
430 1280 535 1355 postea
558 1281 606 1338 est
627 1272 754 1358 inlatus)
773 1280 841 1339 lusu
860 1282 941 1355 hoca,
963 1300 1051 1357 quem
1071 1281 1140 1341 dedi
1157 1300 1225 1341 eum
1244 1283 1320 1341 meis

146 1377 363 1456 supplementis
387 1378 419 1436 in
440 1376 584 1436 Fleckeis.
609 1395 676 1436 ann.
703 1377 787 1437 1883
811 1398 838 1454 p.
860 1381 923 1439 798
948 1379 1123 1455 propositis:

279 1475 412 1542 Aeditui,
435 1492 493 1541 mc,
517 1476 619 1549 oculei,
639 1492 783 1549 posquam
805 1477 967 1537 dedecoratis
989 1480 1021 1536 ia
1043 1480 1149 1553 ionem,

324 1573 478 1646 Lamplroc
499 1575 562 1632 aim
582 1575 703 1632 acstreis
726 1574 897 1647 loryificolis
916 1578 1021 1648 procis.

286 1670 417 1729 Vanam:
440 1688 498 1729 non
515 1676 640 1744 possunt
659 1672 805 1731 locmmoc
827 1676 1001 1747 rostioprcerc
1023 1675 1158 1744 flama-m:

324 1767 408 1826 Horo
430 1786 462 1826 os
484 1769 640 1828 incendant
662 1771 865 1843 tobificoatqac
888 1772 1027 1829 anianum.

148 1889 184 1928 ex
206 1867 253 1927 his
277 1865 501 1942 epigrammatis
525 1884 618 1925 unum
641 1861 756 1947 (Catuli
780 1860 877 1947 prius)
901 1867 961 1926 iam
986 1866 1119 1944 Scaliger
1145 1869 1324 1928 obseruauIt

148 1985 184 2026 ex
212 1982 319 2041 graeco
343 1961 519 2021 Callimachi
542 1958 651 2041 (epigr.
675 1960 733 2044 41)
763 1984 828 2025 esse
852 1984 1042 2043 conuersum
1070 1967 1101 2025 in
1129 1965 1237 2026 ceteris
1260 1967 1324 2041 ple-

148 2065 249 2140 risque
273 2057 425 2120 uersionea
449 2064 504 2119 aut
526 2063 606 2120 certe
629 2061 812 2122 imitationes
832 2064 1102 2123 Alexandrinorum
1121 2063 1226 2124 Itidem
1251 2064 1322 2123 sub·

149 2180 214 2222 esse
233 2158 341 2236 oppido
361 2160 408 2218 est
427 2157 592 2233 probabile.
624 2177 720 2234 neque
740 2160 770 2218 id
786 2162 904 2221 mirum.
936 2181 1006 2220 nam
1020 2182 1079 2222 non
1094 2162 1182 2221 aliter
1196 2161 1324 2221 Romani

151 2260 198 2319 sui
211 2259 242 2316 in
256 2257 367 2317 litteris
386 2256 460 2315 iuris
479 2255 545 2314 fieri
563 2259 726 2331 potuerunt
739 2259 798 2317 nisi
816 2263 885 2335 post
904 2264 1042 2319 strenuas
1065 2261 1095 2318 in
1108 2261 1323 2335 magistrorum

150 2359 332 2418 Graecorum
356 2355 457 2415 schola
480 2355 719 2432 exercitationem
747 2359 779 2416 et
801 2358 889 2434 plane
913 2356 944 2416 in
967 2358 1043 2417 hano
1067 2358 1193 2433 primam
1217 2357 1324 2432 lyrico-

150 2475 216 2515 rum
236 2455 398 2514 latinorum
416 2456 548 2512 aetatem
567 2454 707 2513 conuenit
725 2453 756 2512 id
774 2454 854 2530 quod
868 2455 1032 2515 llerkelins
1049 2452 1102 2531 [ad
1117 2454 1185 2514 Ibin
1199 2475 1225 2529 p.
1243 2450 1322 2529 359]

150 2555 186 2612 de
211 2552 347 2628 sequenti
370 2551 445 2610 dixit
469 2545 610 2628 ‘primum
631 2550 759 2612 Graecos
784 2555 927 2615 uertenda
952 2552 1200 2632 eorumlartificio
1224 2571 1324 2611 asana

149 2654 267 2725 uerunt,
292 2669 359 2708 mox
382 2649 491 2708 imitati
515 2654 594 2725 sunt,
617 2654 767 2725 postremo
791 2651 963 2712 felicissime
986 2644 1149 2711 aemulati'.
1183 2650 1238 2710 hoc
1257 2650 1324 2724 ipsa

150 2750 193 2807 rei
217 2747 334 2806 serebat
356 2749 477 2820 natura3
505 2764 602 2822 neque
625 2749 714 2806 aliter
736 2749 900 2808 recentium
929 2749 1108 2824 populorum
1137 2748 1258 2806 litterae
1281 2747 1324 2805 in-

151 2850 302 2907 crementa
324 2848 489 2920 auctusque
513 2848 663 2918 ceperunt

240 2942 336 3012 Quam
359 2959 465 3017 parum
484 2942 646 3001 etiamtunc
668 2941 791 3000 Romani
809 2945 910 3000 essent
933 2943 1008 3018 apti,
1033 2942 1084 3017 qui
1107 2943 1138 2998 in
1162 2941 1216 2998 bae
1235 2945 1322 3014 prante

152 3062 236 3104 suam
261 3040 318 3100 sibi
341 3040 478 3099 semItam
502 3043 643 3114 tererent„
666 3038 798 3099 ostendit
821 3040 846 3098 is
870 3040 921 3115 qui
941 3039 1073 3098 uirorum
1096 3039 1183 3096 modo
1203 3057 1323 3097 enume-

152 3144 286 3201 ratorum
316 3138 450 3214 aequalia
483 3141 583 3197 aetate
616 3139 704 3214 paulo
734 3137 883 3196 recentior
915 3141 961 3196 est
993 3136 1156 3212 putandus,
1190 3135 1322 3195 Laeuius

153 3239 273 3300 aliunde
302 3238 437 3312 ignotus,
469 3236 521 3295 sed
551 3254 640 3311 quem
670 3235 749 3294 circa
776 3253 802 3296 a.
827 3237 868 3294 90
902 3234 1037 3294 floruisse
1066 3236 1167 3295 omnia
1195 3235 1326 3294 reddunt

153 3336 315 3416 probabile.
361 3337 443 3395 certe
466 3334 541 3394 miro
565 3333 651 3393 modo
674 3333 706 3391 in
729 3333 805 3392 derra
832 3336 863 3392 et
885 3334 1026 3408 inplicata
1050 3333 1177 3393 dictione
1206 3334 1233 3393 ei
1259 3352 1326 3393 con·

153 3436 236 3495 uenit
264 3453 331 3493 cum
359 3432 396 3491 A.
415 3432 506 3491 Furio
534 3431 630 3508 epico,
659 3431 743 3490 cuius
772 3450 878 3490 uersus
901 3433 1059 3492 nonnullos
1088 3433 1187 3492 adicit
1210 3431 1325 3491 Gellius

153 3532 256 3593 XVIII
282 3535 330 3605 11,
355 3534 375 3590 4
399 3550 546 3609 quemque
569 3529 747 3590 familiarem
773 3531 866 3590 fuisse
891 3530 923 3601 Q.
943 3530 1060 3590 Lutatii
1085 3529 1184 3590 Catuli
1208 3549 1243 3588 cx
1267 3529 1325 3589 Cic.

153 3632 239 3691 Brut.
266 3631 327 3689 132
353 3631 479 3689 constat.
516 3629 564 3688 hic
587 3627 718 3688 Laeuius
742 3632 809 3686 erat
831 3648 889 3687 uon
913 3628 1068 3689 mediocris
1092 3629 1191 3688 hercle
1215 3629 1328 3705 ingenii

156 3729 308 3804 studiique
332 3727 388 3800 uir,
412 3745 517 3786 uersus
541 3727 633 3786 uariis
651 3744 747 3802 neque
766 3725 943 3802 uulgaribus
965 3727 1069 3786 metris
1093 3726 1241 3785 scribendi
1261 3729 1326 3785 arte

156 3819 205 3904 (ut
227 3828 313 3885 erant
335 3826 401 3884 tum
420 3817 570 3905 tempora)
595 3822 789 3894 admirabilis,
812 3823 844 3881 in
867 3825 1042 3897 superandis
1062 3823 1289 3883 difficultatibus
1310 3841 1328 3880 a

154 3924 259 3999 lingua
282 3927 386 3999 coepto
406 3923 530 3983 obiectis
553 3922 784 3998 indefatigatus,
804 3920 952 3980 sedidem
972 3921 1074 3981 iudicii
1092 3940 1197 3997 parum
1218 3920 1329 3979 maturi

156 4022 343 4098 subactique,
371 4021 449 4080 unde
477 4020 614 4079 laborum
642 4019 809 4096 praemium
837 4037 895 4077 non
923 4020 1047 4095 dignum
1076 4020 1155 4077 tulit.
1208 4019 1328 4094 scripsIt

156 4120 208 4180 ille
231 4119 463 4197 erotopaegnion
483 4119 574 4179 libros
593 4118 715 4177 mielnie
734 4109 832 4195 sex*)‚
852 4117 881 4174 in
901 4117 1009 4192 quibus
1030 4117 1146 4176 tabulas
1166 4117 1327 4175 amatorias

227 4263 254 4332 ‘)
273 4263 393 4319 collecta
410 4261 497 4316 haber
512 4261 674 4331 fragmenta
691 4260 720 4314 in
737 4261 888 4314 Weicherti
909 4259 979 4313 ltell.
1000 4262 1074 4329 poet.
1095 4259 1144 4314 lat.
1164 4278 1191 4329 p.
1208 4266 1240 4312 19
1257 4277 1328 4327 sqq.‚

157 4347 224 4415 post
245 4342 398 4398 LIIuelleri
421 4340 562 4397 Catullum
586 4359 612 4410 p.
628 4345 661 4393 77
677 4356 736 4408 sqq.
762 4340 865 4394 addam
889 4341 944 4394 duo
967 4339 1139 4410 fragmenta,
1164 4357 1237 4409 quae
1264 4341 1327 4397 illos

158 4423 298 4494 ingemat.
335 4419 496 4478 Chalcidica
519 4437 619 4478 eornm.
637 4419 666 4475 in
684 4420 757 4475 Plat.
776 4419 848 4475 Tim.
869 4426 902 4474 lb
921 4425 951 4475 ot
975 4437 1039 4476 acro
1062 4420 1112 4474 sab
1136 4419 1221 4476 Laao
1244 4437 1328 4491 taque
