2940 4912
147 327 189 389 12
587 322 871 379 PROLEGOMENA.

145 494 312 554 necessario
336 493 479 569 temporis
499 511 689 569 progressus,
712 493 836 552 carmini
855 492 994 568 spicode
1013 512 1067 552 suo
1087 492 1197 552 addere
1216 511 1320 569 super·

146 593 295 652 sederunt.
342 591 493 651 Ciceronis
515 592 643 650 maxime
667 595 698 651 et
720 610 756 650 ex
786 595 872 666 parta
900 591 993 650 etiam
1016 591 1149 650 Lucretii
1172 609 1231 649 non
1255 590 1321 650 sine

145 708 235 749 causa
258 689 389 748 Ennium
412 692 568 764 tantopere
587 689 799 749 admirantium
818 708 924 749 uorsus
948 690 1022 748 satis
1042 692 1114 748 sunt
1132 689 1320 766 documento,

145 806 235 864 quam
259 806 366 863 parum
389 806 425 846 ea
447 789 555 859 aetate,
579 807 656 863 quae
678 791 779 847 cetera
797 789 968 847 litterarum
988 806 1101 863 genera
1122 787 1259 863 ingentia
1276 787 1320 846 in·

146 888 299 945 crementa
322 889 486 961 auctusque
509 903 615 960 capere
637 885 725 965 uidit,
748 886 908 961 profecerit
931 885 1030 962 poesis
1049 886 1139 961 opica,
1159 886 1247 960 plane
1265 884 1321 944 illa

145 984 244 1043 iacens
269 983 451 1061 sordemque
475 983 619 1056 aforms,
644 984 669 1043 si
688 1003 755 1042 cum
774 984 842 1043 aliis
862 984 921 1044 illis
939 984 1100 1060 generibus
1119 985 1319 1059 comparatur.

145 1082 242 1140 denuo
265 1081 359 1157 igitur
382 1081 497 1140 ciuibus
518 1081 581 1139 suis
601 1080 770 1156 Pimpleam
793 1085 925 1141 montem
944 1081 1132 1141 adscensoris
1155 1082 1187 1139 in
1210 1099 1320 1141 memo·

145 1179 221 1238 riam
253 1180 433 1239 reuocabant
461 1179 533 1238 noui
561 1182 680 1255 poetae,
709 1179 773 1237 sine
800 1180 888 1238 limae
913 1179 1016 1239 labora
1038 1173 1219 1258 moraque*)
1241 1178 1321 1237 nihil

146 1279 321 1337 diuturnum
339 1277 417 1335 effici
436 1281 467 1336 et
485 1276 524 1335 ad
543 1277 634 1351 digna
652 1296 760 1353 operae
779 1279 913 1353 praemia
926 1277 1118 1353 percipienda
1136 1277 1320 1352 exemplaria

145 1393 254 1452 maaca
280 1376 428 1433 nocturna
455 1375 620 1450 diurnaque
648 1393 738 1434 mauu
766 1395 832 1435 essa
860 1375 1016 1435 uersanda.
1062 1378 1192 1446 constat,
1223 1394 1318 1434 exem·

146 1474 229 1550 plum
253 1471 365 1532 Cinnae
391 1492 501 1532 nouem
524 1492 617 1532 annos
645 1472 677 1530 iu
700 1473 846 1549 Zmyrnae
875 1472 985 1549 epyllio
1010 1472 1190 1531 elaborando
1215 1490 1320 1531 consu·

146 1573 254 1631 mentis
278 1589 382 1630 ansam
405 1571 523 1630 dedisse
546 1570 640 1630 nobili
663 1571 708 1630 illi
731 1570 768 1630 ds
792 1571 911 1647 scriptis
932 1591 1043 1631 nonum
1065 1571 1097 1629 in
1120 1589 1231 1628 annum
1253 1588 1320 1646 pre·

146 1669 261 1728 mendis
292 1672 452 1746 praecepto
482 1669 614 1743 Horatii,
643 1670 695 1746 qui
724 1670 803 1728 haud
834 1688 930 1746 panea
961 1669 993 1727 in
1022 1674 1087 1728 arte
1119 1688 1173 1727 sua
1203 1669 1323 1744 poetica

146 1767 350 1844 praescripsit,
375 1784 450 1842 quae
473 1768 686 1842 praecedentes
709 1772 816 1845 poetae
834 1768 957 1843 nouicii,
981 1769 1006 1828 si
1028 1786 1089 1827 non
1112 1770 1324 1842 expresserant

148 1866 248 1924 uerbis
273 1858 349 1942 (qua
371 1865 408 1924 de
431 1885 463 1924 re
486 1866 561 1924 nibil
584 1860 723 1945 scimus),
747 1869 779 1924 at
802 1886 834 1925 rs
859 1868 959 1925 tamen
983 1865 1078 1925 secuti
1101 1868 1179 1925 sunt.
1225 1864 1323 1924 ueluti

147 1963 192 2022 illi
211 1963 347 2038 exemplo
366 1982 421 2023 suo
441 1964 699 2039 confirmauerant,
713 1982 773 2023 uon
787 1965 923 2024 sufficere
938 1964 1063 2023 diuitem
1077 1963 1189 2039 ingenii
1204 1981 1322 2039 uenam,

148 2061 201 2121 sed
224 2064 345 2136 poetam
368 2062 458 2120 simul
481 2061 600 2120 doctum
624 2079 690 2121 esse
713 2061 829 2120 debers.
868 2067 898 2121 et
921 2055 1058 2121 ‘doctus'
1083 2062 1262 2121 attributum
1286 2066 1323 2121 nt

148 2158 342 2219 honorificum
365 2158 474 2218 abhinc
501 2157 621 2217 uatibus
650 2177 716 2217 esse
740 2159 851 2233 coepit,
879 2160 923 2218 ita
946 2159 1154 2219 lubentissime
1179 2163 1210 2218 et
1232 2162 1324 2236 mata

147 2278 215 2318 oum
234 2256 378 2316 memoria
396 2256 613 2316 concedebatur
631 2256 802 2316 cantoribus
821 2257 1022 2333 Euphorionis
1041 2250 1091 2335 (cf.
1112 2276 1155 2316 ex.
1170 2277 1216 2333 gr.
1234 2256 1323 2318 Ouid

148 2378 205 2418 sm.
224 2356 271 2415 III
296 2359 324 2430 9,
350 2357 400 2431 62,
423 2354 569 2430 Lygdam.
589 2356 618 2429 6,
635 2345 678 2412 '41
703 2355 781 2414 docto
804 2353 925 2421 Catulle,
949 2355 1038 2413 Mart
1057 2354 1071 2412 I
1092 2357 1143 2426 61,
1170 2359 1185 2413 1
1213 2359 1244 2415 et
1262 2355 1323 2415 VII

150 2457 202 2528 99,
227 2458 244 2513 7
270 2458 301 2513 et
323 2452 455 2528 saepius,
479 2450 546 2510 Ter.
570 2452 665 2512 Maur.
685 2454 785 2529 2561,
808 2453 896 2529 Prop.
915 2451 947 2510 II
971 2455 1022 2527 34,
1047 2455 1087 2512 89
1113 2453 1187 2511 docti
1203 2456 1324 2526 popina

150 2582 361 2592 --—-—-—-

220 2661 245 2727 *)
266 2658 337 2713 haec
351 2675 438 2725 mora,
457 2675 542 2726 qnam
556 2658 613 2728 ipsi
631 2658 686 2712 sibi
704 2659 877 2729 inponebant
894 2655 1028 2724 νεώτεροι
1046 2656 1076 2711 in
1095 2656 1210 2712 edendis
1229 2657 1323 2713 doctis

149 2737 300 2810 opusculis,
319 2737 496 2806 respicienda
515 2740 558 2791 est
576 2739 734 2793 accuratius
752 2756 837 2807 quam
851 2740 939 2810 uulgo
954 2739 1015 2794 fieri
1029 2739 1111 2807 solet,
1130 2738 1154 2792 si
1169 2736 1323 2807 quaeritur,

149 2823 287 2888 quatenus
305 2817 350 2872 illi
373 2817 507 2872 uertendo
531 2820 560 2872 et
582 2818 718 2872 imitando
743 2820 930 2889 expresserint
953 2819 1134 2889 exemplaris.
1170 2818 1227 2872 iam
1247 2816 1322 2874 enirn

149 2917 204 2955 non
224 2899 322 2954 eadem
341 2895 468 2952 condicio
491 2898 591 2952 horum
615 2897 770 2952 studiorum
794 2916 878 2966 quam
898 2900 929 2964 Q.
949 2899 1055 2953 Lutatii
1074 2897 1167 2953 Catuli
1186 2900 1321 2966 tempore.

149 2979 253 3034 mansit
272 2980 325 3033 hoc
344 2977 474 3032 omuibus
492 2976 678 3046 temporibus,
702 2979 734 3031 nt
752 2975 826 3033 uires
845 2978 991 3034 exercendi
1014 2979 1108 3047 gratia
1126 2980 1325 3034 conuerterant

149 3059 271 3117 Romani
290 3058 426 3125 Graecos3
447 3058 570 3112 sednon
589 3057 711 3112 edebant
729 3057 832 3114 abhinc
855 3059 909 3114 nisi
928 3076 963 3114 ea
985 3075 1057 3128 quae
1076 3059 1122 3113 edi
1143 3059 1202 3113 sina
1220 3057 1324 3114 rubore

149 3143 309 3213 potuerunt.
347 3141 444 3208 itaqua
462 3156 518 3193 non
536 3139 621 3208 plane
645 3142 752 3194 rectum
776 3139 918 3207 estquod
941 3139 1056 3205 dicitur,
1074 3138 1173 3193 haberi
1196 3137 1325 3194 exercitii

150 3221 233 3278 huius
253 3220 405 3290 specimina
428 3219 509 3275 radia
528 3236 569 3274 cx.
589 3237 629 3290 gr.
649 3221 679 3274 in
697 3218 802 3275 Catulli
821 3235 902 3274 coma
920 3218 1068 3274 Berenices
1088 3235 1121 3273 ex
1141 3216 1323 3287 Callimacho,

149 3303 179 3358 in
198 3301 331 3357 Varronis
350 3301 462 3357 Atacini
481 3299 678 3371 Argonauticis
698 3316 732 3355 ex
752 3299 902 3369 Apollonio
922 3299 1032 3355 Rhodio
1052 3298 1206 3355 conuersis:
1230 3314 1324 3367 neque

151 3400 274 3439 seorsum
297 3382 452 3437 edebantur
475 3397 565 3450 neque
594 3380 622 3434 in
646 3379 803 3436 carminum
827 3379 1009 3436 collectiones
1032 3379 1239 3450 recipiebantur
1260 3394 1322 3432 aar·

151 3466 251 3533 mones,
270 3463 325 3518 nisi
343 3465 397 3518 hoc
416 3461 509 3518 fuerat
528 3462 684 3531 consilinm,
702 3465 735 3516 ut
748 3463 819 3517 baec
831 3462 939 3532 ingenii
955 3461 1129 3530 alienigenae
1143 3461 1324 3514 monumenta

151 3545 313 3616 cognitione
330 3544 453 3600 omnium
464 3543 639 3612 (praesertim
655 3543 782 3612 linguam
797 3559 927 3613 graecam
942 3541 1033 3594 minus
1047 3539 1223 3606 callentium)
1236 3537 1325 3608 digua
1349 3608 1354 3617 ι

151 3629 280 3682 amarent
297 3625 326 3680 iu
345 3625 448 3680 litteris
467 3624 562 3679 latinis
581 3627 610 3679 et
623 3625 651 3678 in
666 3624 709 3679 hia
723 3639 835 3692 quoquo
856 3619 996 3690 opusculis
1015 3634 1060 3672 are
1079 3620 1220 3687 quaedam
1238 3623 1323 3690 atque

151 3707 254 3778 peritia
272 3705 444 3775 probaretur.
473 3707 502 3758 et
520 3704 585 3759 hinc
603 3705 741 3774 plurimae
760 3703 827 3758 illae
844 3718 877 3756 ex
891 3716 994 3768 graeco
1008 3699 1214 3768 conuersiones,
1234 3701 1324 3757 ueluti

153 3786 293 3842 Ciceronis
312 3785 488 3853 aliorumque
506 3783 611 3839 Aratea
637 3790 666 3839 et
685 3783 813 3839 Sallustii
831 3778 1031 3850 Empedoclea,
1051 3782 1116 3833 sunt
1133 3781 1322 3849 aestimanda;

151 3868 182 3921 in
200 3864 303 3934 quibus
322 3866 406 3919 etiam
426 3863 559 3918 utilitatis
578 3868 722 3934 respectus
736 3866 780 3918 est
793 3860 905 3916 habitus
919 3874 1102 3926 summopere.
1129 3863 1236 3914 ceteras
1251 3878 1323 3931 qnae

152 3963 218 4002 aare
236 3948 354 4017 possunt
372 3945 467 3999 uocari
487 3945 701 4000 exercitationes
721 3945 780 3998 sine
799 3939 884 3995 dnbio
902 3936 1022 3992 flammis
1041 3936 1160 4007 dabant,
1180 3944 1255 3996 certo
1274 3942 1323 4011 qui

151 4029 244 4083 famae
263 4026 454 4092 consulerent,
477 4028 509 4079 ut
532 4025 560 4078 iu
580 4024 685 4080 Catulli
705 4020 874 4080 carminibus
896 4017 1005 4072 nullum
1028 4018 1166 4085 reperitur
1185 4021 1322 4091 scriptam

153 4110 218 4163 ante
236 4107 266 4161 id
284 4109 410 4176 tempus,
429 4122 484 4175 qno
507 4105 629 4160 feminae
648 4122 714 4160 suae
733 4118 827 4158 amore
849 4099 898 4154 ille
922 4096 1027 4168 proprii
1045 4096 1151 4165 ingenii
1170 4099 1322 4156 facultates

153 4188 258 4245 excitas
282 4187 361 4242 uidit
399 4187 465 4240 hinc
489 4204 559 4256 opus
583 4189 626 4240 est
649 4185 791 4249 cautione,
814 4197 849 4235 ne
872 4190 1058 4249 praepropere
1083 4192 1116 4229 ex
1135 4195 1235 4245 guasco
1255 4197 1322 4236 cou-

153 4286 235 4324 nersa
253 4268 299 4322 nel
318 4266 400 4321 nimis
419 4268 502 4321 auxia
520 4266 679 4321 imitatione
698 4279 828 4334 expressa
846 4262 975 4329 putemus
989 4255 1073 4309 docta
1089 4254 1171 4309 huius
1185 4260 1322 4328 temporis

152 4350 299 4420 poemata,
322 4347 376 4401 nisi
400 4351 477 4401 certa
499 4345 615 4400 faueant
637 4345 754 4400 indicia:
782 4341 871 4396 libera
893 4334 1044 4393 aemulatio
1067 4337 1127 4389 tum
1151 4337 1241 4393 multo
1263 4340 1319 4395 iam

154 4429 244 4500 magis
263 4427 408 4496 regnabat
