2940 4912
661 325 752 381 XXIX
770 332 814 382 20,
1259 323 1322 389 187

161 489 298 558 potuisset,
322 487 347 543 si
370 486 513 542 Mamurra
537 488 566 542 in
595 488 664 543 istas
687 488 848 557 prouincias
871 488 1047 559 proiecturus
1073 488 1184 553 suisset3
1212 489 1244 541 at
1265 485 1322 541 iam

160 593 274 632 rsumsus
292 581 367 645 erat,
390 577 448 632 iam
468 579 614 646 utramque
638 576 812 647 prouinciam
837 577 1024 647 expilauerat,
1049 577 1125 631 Galli
1148 580 1177 630 et
1195 575 1322 631 Britanni

158 667 217 721 satis
243 684 383 736 superque
411 667 520 737 experti
548 669 629 721 erant
656 667 813 721 Mamurrae
845 668 984 737 rapinas'.
1031 667 1108 720 cuius
1136 665 1322 734 praecessoris

157 755 260 826 ignum
283 754 427 811 simillime
451 756 519 810 olim
542 756 603 824 ipse
628 754 713 825 [anal.
739 751 798 808 sar.
824 773 849 823 p.
870 755 916 824 43]
946 753 1094 808 adnotari:
1125 753 1197 807 ‘iam
1225 769 1320 808 eorum

156 843 284 900 66666666
307 846 415 914 potitus
437 847 501 900 erat
523 844 676 911 Mamurra,
701 843 758 898 iarn
784 859 879 897 eorum
904 843 1010 898 diuitiis
1033 861 1100 897 usus
1125 833 1322 912 corrumpebat

155 933 276 988 mulieres
294 933 493 989 Veronenses'.
521 933 652 987 nimirum
671 933 754 987 huius
774 932 905 988 carminis
924 933 1099 1001 propositum
1117 949 1153 986 nc
1173 931 1320 987 obliuisca-

153 1041 215 1077 mur.
252 1021 304 1076 sed
322 1021 475 1091 Bergkium
496 1022 592 1090 ‘quem
616 1021 670 1074 scit
688 1039 713 1075 a.
733 1038 758 1074 a.
778 1021 873 1089 Tagus
892 1023 921 1074 et
939 1023 1025 1074 uncta
1043 1020 1150 1090 Gallia,
1174 1021 1275 1076 ultima
1292 1024 1323 1075 et

153 1110 308 1164 Britannia'
333 1110 502 1166 scribentem
525 1111 597 1178 (‘et'’
624 1109 698 1164 male
720 1110 868 1164 traiectum
896 1111 951 1175 est,
977 1113 1009 1164 ut
1034 1111 1092 1166 alia
1117 1111 1239 1181 mittam)
1265 1128 1321 1165 non

151 1201 236 1255 minus
255 1200 360 1255 fefellit
377 1200 450 1255 ratio
474 1217 556 1269 quam
577 1199 806 1253 HAlMunronem
828 1199 873 1253 ‘et
892 1200 972 1254 huice
991 1197 1085 1255 Gallia
1107 1203 1136 1254 st
1155 1204 1243 1256 metet
1262 1199 1320 1255 Bri·

151 1290 279 1344 tannial'
315 1287 504 1344 conicientem
536 1290 602 1357 (quo
636 1287 754 1343 offensio
785 1293 1004 1344 commemorata
1032 1295 1179 1358 praeterea
1207 1288 1321 1345 minime

149 1378 271 1448 tollitur).
306 1395 374 1433 nam
392 1379 541 1447 postquam
561 1377 675 1432 doctum
695 1380 752 1443 est,
771 1378 940 1432 Mamurram
964 1377 1060 1432 omnia
1081 1378 1217 1434 deuorare
1236 1381 1321 1447 atque

148 1472 304 1538 expatriare,
324 1468 382 1521 iam
401 1465 442 1521 nil
456 1462 634 1521 adiciendum
650 1468 712 1520 erat
725 1482 809 1535 quam
824 1484 875 1535 per
893 1466 1049 1536 asyndeton
1066 1467 1320 1523 consummatiuum

146 1556 187 1626 id,
204 1555 414 1627 propterquod
432 1559 494 1611 tota
507 1556 578 1610 baec
591 1555 746 1624 disputatio
761 1558 804 1610 est
817 1555 962 1611 instit-utar
980 1555 1034 1610 tali
1051 1555 1160 1613 homini
1177 1574 1227 1612 uos
1246 1559 1320 1613 male

146 1647 270 1700 [6666666
290 1645 393 1700 iterum
412 1662 447 1700 ax
461 1643 571 1701 Gallica
589 1649 618 1701 et
637 1644 799 1700 Britannica
817 1645 922 1715 pracda
937 1644 1065 1715 ingentia
1083 1646 1158 1700 dona
1176 1646 1321 1701 donastis?

145 1735 206 1790 binc
229 1733 314 1788 linxit
335 1733 495 1790 emendatio
518 1751 594 1789 mea:
619 1732 715 1789 ‘eeine
734 1732 844 1788 Galliac
863 1733 971 1801 optima
994 1737 1023 1788 et
1040 1734 1235 1789 Britanniael’
1275 1735 1321 1789 cui

145 1823 359 1894 interrogationi
373 1822 576 1893 indignationis
592 1823 692 1892 plenae
707 1823 841 1877 conuenit
854 1822 1011 1892 ellipticum
1029 1823 1140 1878 dicendi
1154 1840 1250 1893 genus,
1264 1843 1321 1893 quo

148 1914 228 1969 ‘data
246 1912 331 1967 sunt’
358 1911 494 1967 similisue
517 1912 595 1966 notio
619 1914 663 1965 est
686 1910 855 1981 supplenda;
880 1912 913 1965 cl.
934 1912 970 1966 ad
989 1911 1133 1967 XXXVIII
1153 1920 1168 1968 6
1191 1913 1232 1968 sic
1250 1931 1320 1969 raros

145 2001 268 2059 mores?
289 2001 411 2072 ‘optima
420 1999 529 2056 Galliae
544 2018 566 2056 s.
578 2000 622 2055 B.'
639 2003 741 2067 autem,
757 2002 784 2055 h.
795 2019 818 2056 e.
831 2002 1021 2071 optimaquaa
1032 2002 1126 2056 Gallia
1136 2006 1165 2058 et
1175 2003 1321 2059 Britannia

145 2092 235 2159 habet,
250 2092 367 2162 egregie
381 2090 511 2146 dicuntur
525 2091 644 2160 abrepta
656 2089 722 2145 inde
736 2090 827 2160 spolia
841 2094 871 2145 st
884 2090 1004 2158 tributa3
1018 2091 1054 2146 cf.
1069 2091 1134 2146 Hor.
1150 2096 1202 2149 sat
1217 2093 1229 2147 I
1244 2101 1269 2161 2,
1285 2100 1320 2149 60

146 2184 265 2252 corporis
287 2183 393 2250 optima
411 2180 489 2250 (ibid.
511 2181 570 2247 13,
590 2186 623 2234 36
643 2181 746 2234 arra-icae
765 2182 861 2248 tarpio
883 2183 913 2234 st
937 2180 962 2233 ll
982 2188 1011 2248 6,
1030 2183 1089 2249 83),
1113 2182 1178 2236 Τ66.
1199 2181 1264 2237 dial.
1284 2188 1318 2236 23

145 2271 290 2327 indiam
309 2287 430 2340 quaeqae
448 2272 638 2340 antiquorum,
657 2269 751 2324 quen.
774 2277 802 2336 l,
823 2275 874 2324 136
892 2272 997 2339 optima
1014 2272 1150 2326 siluarum
1167 2272 1319 2342 pclcyiqae,

145 2360 240 2415 tu'nra
264 2360 321 2413 iah.
348 2365 450 2428 33,14
472 2360 609 2414 siluarum
633 2361 736 2428 optima
758 2376 892 2428 quaeque,
916 2359 981 2415 alia.
1019 2362 1048 2414 et
1069 2358 1252 2414 fortissimum
1276 2361 1320 2414 est

144 2448 210 2503 illud
229 2448 345 2504 ‘estne'
367 2447 470 2518 (prisce
488 2465 539 2519 pro
559 2447 680 2517 ‘eine’):
705 2449 739 2503 of.
759 2449 821 2504 Ter.
840 2449 925 2503 Andr.
945 2449 958 2501 I
976 2455 1006 2516 6,
1026 2453 1059 2503 28
1079 2451 1138 2504 eine
1155 2466 1202 2518 epo
1220 2456 1251 2503 ut
1270 2450 1319 2504 ad-

146 2537 272 2604 66666ῐὲ,
294 2537 388 2593 Plaut.
409 2538 488 2592 Cure.
507 2537 520 2590 I
540 2544 569 2605 1,
589 2543 621 2592 tl
649 2540 708 2593 eine
730 2539 775 2592 hic
795 2556 855 2592 cana
878 2540 946 2593 aino
968 2541 1047 2593 siresa
1069 2537 1179 2604 sertae?
1216 2543 1318 2607 poetae

147 2630 236 2682 satem
256 2627 379 2682 scaenici
398 2643 460 2681 cum
481 2627 608 2682 datiuum
626 2628 674 2681 ‘ei’
691 2631 740 2682 aut
758 2631 790 2682 ut
808 2628 1032 2697 monosyllabum
1049 2630 1099 2681 aut
1113 2628 1216 2694 (media
1229 2629 1318 2683 forma

147 2716 229 2783 ‘eiei'l
239 2720 272 2771 ut
286 2716 442 2786 spondeum
457 2717 651 2771 adhibuissent
665 2717 840 2786 plerumque,
856 2717 944 2771 rarius
959 2718 1048 2772 multo
1063 2716 1183 2772 iambica
1199 2716 1318 2786 (Brixius

146 2804 177 2858 ad
193 2806 287 2861 Plaut.
308 2805 365 2861 mil.
386 2805 536 2874 arg.14),
560 2823 612 2875 par
635 2812 696 2861 erat
719 2810 816 2877 poetas
836 2808 932 2862 doctos
956 2809 1082 2877 regulam
1102 2809 1205 2876 ubique
1224 2809 1317 2871 adser-

146 2902 210 2963 tam,
233 2912 292 2964 qua
315 2895 422 2949 uocalis
450 2899 515 2950 ante
540 2896 667 2951 uocalem
693 2896 853 2965 corripitur,
880 2912 912 2951 eo
936 2896 1026 2966 magis
1052 2898 1216 2967 respexisse,
1242 2897 1316 2966 quod

145 2989 220 3039 aetus
242 2983 317 3038 illud
338 2983 422 3038 ‘eici’
447 2983 504 3037 iam
528 2985 618 3053 magis
643 2986 788 3055 magisque
812 2986 913 3054 corripi
937 2987 1067 3054 coeptum
1092 2990 1153 3041 erat
1172 2987 1251 3055 i‘iei’
1273 2988 1317 3041 bis

145 3072 225 3128 babet
243 3073 289 3127 lex
309 3072 416 3128 Rubria
434 3089 458 3126 a
479 3090 503 3129 a.
525 3072 587 3128 Chr.
608 3077 661 3143 48).
698 3075 794 3143 itaque
820 3074 868 3128 ubi
887 3076 951 3144 post
969 3075 1112 3130 scaenicos
1132 3077 1244 3130 datiuus
1265 3077 1313 3132 ‘si’

145 3158 281 3216 moenitur
300 3161 455 3229 (inuenitur
472 3167 568 3217 autem
583 3164 685 3230 rarius,
705 3165 771 3233 quia
790 3164 842 3219 hoc
862 3164 1027 3233 pronomine
1046 3165 1159 3220 omniuo
1174 3167 1316 3221 abstinero

143 3249 290 3304 studebant
321 3255 423 3320 poetae
454 3251 617 3320 cultiores),
649 3253 687 3306 ibi
716 3253 835 3307 habetur
863 3253 996 3321 iambica,
1024 3258 1056 3308 ut
1085 3255 1164 3309 Ouid.
1189 3255 1245 3308 hal.
1271 3262 1313 3322 34,

144 3338 267 3395 German.
288 3341 371 3396 Anat.
391 3346 443 3394 333
463 3344 491 3395 66
509 3347 575 3408 467,
594 3341 623 3394 in
642 3340 800 3396 acrosticho
818 3341 909 3397 Plaut.
925 3343 982 3396 mil.
1000 3349 1040 3397 11.
1070 3343 1196 3397 Catullus
1216 3360 1314 3397 uocem

144 3429 317 3498 aptissimam
337 3429 384 3483 hio
403 3434 465 3485 tuto
486 3430 515 3483 in
534 3449 612 3485 usum
633 3447 733 3484 uocare
753 3431 846 3499 potuit
865 3431 1017 3500 debuitque
1035 3431 1167 3486 adhibere
1187 3430 1313 3486 iambico.

208 3520 330 3586 Versus,
349 3519 398 3587 qui
418 3519 530 3573 suntin
551 3518 574 3575 V
593 3524 720 3584 21-24,
739 3518 814 3586 quod
834 3519 1082 3575 ThMommsenum
1107 3523 1218 3574 secutus
1241 3522 1315 3575 inter

145 3615 174 3661 10
192 3616 220 3663 et
241 3615 273 3662 11
296 3607 425 3675 exhibui,
452 3611 541 3662 restat
563 3613 595 3662 ut
617 3608 778 3673 defendsm3
803 3626 886 3677 quam
911 3610 1104 3664 traiecticuem
1127 3611 1315 3666 Mommseuus

148 3698 251 3766 ipsein
271 3697 400 3752 uersione
420 3697 502 3751 huius
525 3698 665 3768 poematis
688 3698 848 3767 germanica
871 3698 1003 3754 historiae
1028 3716 1094 3753 suae
1114 3700 1256 3756 Romanae
1274 3702 1316 3756 in-

143 3792 210 3842 arra
234 3787 364 3842 breuiter
390 3785 517 3841 indicans
545 3787 701 3842 rationibus
730 3805 783 3842 non
813 3787 959 3843 stabiliuit.
1001 3789 1112 3842 initium
1138 3791 1203 3845 inde
1230 3792 1316 3847 sumit

142 3883 231 3945 poeta,
250 3877 329 3946 quod
349 3876 492 3930 Mamurra
511 3876 610 3946 opibus
634 3877 714 3931 afluit
738 3878 867 3946 quodque
887 3877 930 3931 his
948 3877 1056 3933 innisus
1075 3879 1202 3935 femellas
1221 3899 1315 3936 onrues

143 3967 300 4037 corrumpit.
338 3967 406 4035 post
429 3966 483 4020 hoc
506 3965 618 4020 initium
640 3984 696 4020 666
721 3967 816 4021 statim
841 3969 936 4035 quaeri
961 3970 1055 4036 potest
1074 3971 1149 4037 (nam
1173 3988 1207 4025 ne
1227 3971 1315 4026 iustus

144 4056 251 4123 quidem
277 4056 415 4111 transitus
438 4055 543 4124 adest),
567 4074 632 4110 num
656 4060 805 4125 propterea
828 4056 856 4109 in
876 4056 1022 4111 Britannia
1045 4058 1129 4112 suerit
1147 4057 1261 4126 Caesar,
1285 4063 1317 4114 ut

144 4143 280 4201 16666666
299 4143 467 4200 libidinibus
486 4145 543 4200 suis
561 4145 748 4212 incumberet;
769 4163 832 4199 nam
848 4163 882 4199 ex
903 4147 964 4200 sola
978 4146 1123 4201 Britannia
1137 4148 1230 4202 nullae
1249 4166 1315 4219 opes

144 4234 243 4291 alatas
269 4238 342 4291 sunt
381 4234 495 4301 deinde,
522 4239 672 4304 postquam
696 4237 918 4291 demonstratum
943 4241 986 4291 est
1009 4237 1157 4292 deuorassc
1180 4237 1260 4293 illum
1284 4245 1317 4294 ut

143 4328 228 4379 cetera
247 4325 289 4380 ita
308 4324 445 4394 praedam
461 4324 619 4392 Ponticum,
639 4326 665 4378 in
686 4325 740 4378 fine
760 4325 871 4378 demum
892 4329 920 4379 ct
939 4327 967 4380 in
985 4326 1040 4380 alio
1055 4343 1161 4405 conexu
1177 4329 1314 4384 subicitur

145 4408 253 4485 Pompei
272 4415 394 4482 mentio,
415 4412 459 4467 cui
478 4413 611 4482 praedam
631 4413 776 4468 Ponticam
797 4415 919 4469 debebat
933 4416 1084 4483 Mamurra3
1104 4432 1156 4472 nec
1176 4435 1258 4487 porro
1277 4418 1313 4472 ob
