2940 4912
145 305 188 369 16
586 301 870 359 PROLEGOMENA.

144 491 265 549 operam
283 492 412 534 nauasse
429 473 580 549 uidemue3
599 490 781 548 quamquam
799 472 856 547 ipsi
875 472 1024 531 minorum
1042 472 1149 531 harum
1167 489 1319 547 nugarum

144 569 384 647 ineptiarumque
408 563 527 653 (comm.
551 570 589 628 ad
613 568 677 630 Cat.
701 588 725 629 e.
748 568 786 628 ad
809 569 896 630 Corn.
915 562 951 649 4)
980 572 1049 632 lusu
1071 570 1168 647 magis
1192 568 1319 629 excitari

143 686 175 727 se
198 670 358 744 putabant,
386 668 425 727 ad
447 669 563 728 maiora
590 669 621 726 et
648 667 790 743 grauiora
816 689 874 744 quo
897 668 1004 729 fierent
1027 669 1239 747 promptiores,
1265 666 1320 727 sed

144 768 298 824 aeternam
321 766 449 843 gloriam
468 766 505 824 ab
525 765 669 825 extructis
689 765 835 824 seriorum
854 766 1021 826 studiorum
1040 767 1241 827 monumentis
1260 765 1320 827 sihi

143 864 206 922 iore
230 864 447 939 promittebant
475 857 526 942 (ef.
550 861 616 921 Cat.
638 855 742 941 XCV).
787 862 897 921 mirum
919 863 1057 924 fortunae
1079 864 1197 922 luduml
1230 862 1320 923 docta

143 959 216 1030 haec
240 962 383 1036 opuscula
405 962 519 1021 maiora
540 964 646 1035 utpote
669 960 806 1020 celeriter
829 964 971 1036 superata
994 965 1115 1038 postera
1142 964 1226 1021 aetas
1249 978 1320 1019 mox

143 1058 288 1135 neglexit,
313 1061 366 1120 sed
389 1061 493 1119 eadem
516 1077 634 1134 semper
657 1058 771 1117 amauit
793 1059 938 1119 amabiles
958 1061 1026 1120 illos
1045 1059 1158 1138 ingenii
1175 1062 1321 1118 naturae·

144 1176 201 1231 que
224 1156 375 1216 infucatae
397 1158 491 1231 fetus,
514 1155 623 1232 quibus
646 1150 738 1233 (quod
763 1158 800 1216 ad
823 1151 965 1238 gloriam)
990 1160 1085 1218 multo
1105 1158 1219 1218 diutim
1237 1157 1319 1217 uixe-

143 1257 215 1314 rnnt
238 1254 283 1314 illi
306 1256 453 1332 hodieque
476 1273 594 1330 quoque
617 1254 815 1313 admiratores
839 1254 952 1315 habent
974 1257 1128 1332 plurimos.

234 1352 435 1428 Cognouimus
458 1353 519 1411 iam
542 1351 709 1427 complures
728 1355 830 1428 partes
854 1354 1044 1430 praecipuas,
1067 1353 1227 1429 inquibus
1246 1351 1317 1411 emi-

143 1451 256 1510 nebant
277 1451 348 1511 neui
370 1452 491 1525 poetae:
519 1448 713 1524 disceptanda
742 1453 788 1508 est
815 1468 893 1510 nunc
921 1452 982 1510 alia
1003 1453 1125 1511 illorum
1148 1451 1317 1527 proprietas

144 1548 175 1605 iu
193 1564 265 1606 cura
283 1547 498 1625 diligentiaque
515 1546 679 1605 uerborum
697 1547 803 1624 posita,
823 1566 900 1624 quae
918 1550 1023 1609 multis
1042 1549 1203 1610 uidebatur
1220 1547 1318 1607 molli·

144 1646 211 1704 ties.
243 1663 329 1720 quae,
353 1647 378 1706 si
401 1666 462 1722 qua
484 1649 558 1720 erat,
577 1644 687 1720 partim
706 1644 851 1721 profluxit
869 1664 924 1705 sua
943 1651 1049 1722 sponte
1068 1666 1104 1707 ex
1122 1638 1224 1723 poesis
1239 1663 1319 1703 ama·

146 1741 241 1801 toriae
255 1742 356 1802 indole
374 1745 521 1804 lasciuula
540 1761 575 1802 ac
595 1742 708 1801 tenella
721 1737 826 1822 (poeta
839 1736 993 1804 ‘lasciuus’
1009 1745 1196 1820 maximeque
1211 1734 1319 1802 ‘tener’

146 1846 177 1900 et
200 1834 386 1902 ‘amatorius'
410 1843 490 1902 idem
512 1842 575 1900 iere
600 1843 646 1899 cst
669 1839 748 1914 apud
771 1839 933 1900 Romanos:
958 1840 1022 1904 Ost.
1043 1842 1154 1902 XXXV
1180 1845 1207 1916 1,
1232 1839 1320 1900 Ouid.

147 1959 218 1999 rem.
241 1943 302 2000 737
328 1947 437 2000 {camos
454 1958 491 1998 nc
510 1945 594 2012 lange
610 1943 714 2011 poetae
736 1940 766 1996 et
790 1957 815 1996 a
835 1957 861 1998 a.
879 1938 926 1997 III
945 1942 1009 2000 333
1030 1944 1119 2000 tonui
1136 1940 1271 2013 Properti
1289 1939 1322 1998 et

146 2055 204 2096 am.
227 2036 274 2096 111
298 2041 327 2114 8,
352 2041 370 2097 2
398 2043 526 2097 teucrum
550 2052 680 2102 carmin,
704 2034 777 2096 Hor.
801 2054 826 2095 a.
851 2056 878 2112 p.
898 2038 977 2114 2463
1001 2037 1083 2096 Suet.
1106 2038 1134 2098 d.
1157 2054 1252 2112 gram.
1279 2036 1319 2094 16

144 2136 311 2194 locellorum
333 2140 452 2207 iratum
481 2136 569 2193 biart.
593 2132 651 2190 Vll
677 2135 733 2206 14,
758 2135 777 2192 3
803 2138 833 2192 ct
855 2133 913 2192 XII
937 2137 994 2211 44,
1018 2136 1037 2194 5
1061 2139 1140 2193 lerccr
1162 2126 1321 2213 Catullus),

145 2233 255 2308 partim
278 2238 350 2292 nata
377 2237 425 2293 est
452 2252 488 2292 ex
512 2251 545 2291 co
570 2230 683 2303 studio,
712 2250 770 2306 quo
794 2231 978 2307 refugientes
1007 2234 1158 2309 epicorum
1181 2235 1321 2290 ueterum

145 2331 249 2390 rudem
263 2331 323 2390 iam
338 2331 561 2407 simplicitatem
581 2331 612 2387 et
625 2327 808 2403 tragicorum
823 2330 948 2389 nimium
962 2334 1110 2391 tumorem
1125 2317 1321 2390 sectabantur

144 2429 189 2486 illi
214 2448 301 2487 suum
324 2428 440 2490 dicendi
463 2446 558 2505 genus
587 2430 635 2485 sat
658 2425 795 2486 electum.
840 2446 910 2486 nam
938 2428 1048 2489 iterum
1071 2428 1204 2502 exemplo
1229 2426 1322 2486 Calli-

145 2527 243 2587 machi
270 2529 399 2586 maxime
426 2527 472 2586 usi
502 2524 592 2584 simul
620 2525 651 2582 ct
677 2522 784 2583 breues
813 2527 981 2602 concisique
1009 2543 1073 2585 esse
1101 2523 1265 2584 studebant
1288 2528 1321 2584 et

144 2623 287 2682 uitandae
310 2624 475 2682 ieiunitatis
499 2638 589 2680 causa
612 2638 701 2680 uoces
725 2623 889 2698 exquisitas
912 2623 1102 2684 adhibebant.
1137 2641 1320 2699 quamquam

147 2721 178 2778 in
201 2721 307 2780 haere
331 2721 427 2779 denuo
446 2722 558 2779 honum
576 2719 763 2794 liberumque
783 2724 938 2781 cantorum
957 2720 1156 2799 Euphorionis
1174 2718 1321 2779 iudicium

145 2818 369 2893 comprobatur,
398 2818 476 2893 quod
504 2820 664 2892 praecepta
693 2818 888 2877 Alexandrini
917 2821 1055 2895 magistri
1084 2818 1262 2879 deserebant
1288 2820 1321 2877 in

145 2936 179 2976 eo
203 2916 282 2991 quod
305 2935 363 2975 non
388 2918 480 2975 uerba
503 2916 601 2991 prisea
624 2915 777 2974 recondita
795 2934 865 2973 rara
883 2915 1094 2989 glossematica
1113 2909 1236 2997 (quibus
1254 2915 1320 2975 iere

145 3015 291 3090 Aegyptii
309 3014 354 3072 illi
374 3007 616 3091 delectabantur)
635 3012 805 3088 captabant,
825 3013 876 3071 sed
901 3031 1022 3088 operam
1042 3014 1155 3074 dabant
1173 3013 1320 3074 sermonis

145 3133 162 3173 e
185 3113 282 3172 medio
307 3112 420 3188 sumpti
442 3111 537 3170 cultui
560 3114 651 3187 atque
670 3111 843 3171 urbanitati.
874 3129 971 3185 neque
990 3109 1130 3170 dubitare
1148 3113 1228 3187 licet
1247 3110 1322 3187 quin

146 3211 250 3269 Laeuii
273 3211 430 3269 conamina
451 3211 545 3269 risum
567 3208 719 3268 interdum
742 3208 894 3268 mouentis
921 3226 972 3267 eos
992 3209 1195 3269 deterruerint
1217 3228 1236 3268 a
1259 3226 1322 3267 ser-

145 3309 199 3367 uili
226 3308 258 3366 in
285 3309 341 3368 hac
367 3328 400 3368 re
424 3307 599 3366 imitatione.
644 3307 746 3382 itaque
775 3308 977 3382 sequebantur
1004 3307 1049 3364 illi
1072 3326 1162 3383 quam
1192 3306 1321 3366 maxime

146 3407 267 3482 linguae
281 3404 397 3483 patriae
416 3407 556 3482 speciem,
576 3404 673 3480 qualis
694 3405 805 3464 Romae
824 3406 854 3462 in
874 3405 1092 3481 elegantiorum
1111 3406 1230 3465 circulis
1244 3404 1322 3479 opti-

148 3512 263 3567 ruerat.
296 3506 372 3565 hanc
395 3525 530 3565 normam
553 3505 584 3562 in
608 3503 782 3562 uniuersum
802 3504 938 3562 tenentes
957 3504 1137 3578 peculiarem
1155 3521 1257 3562 curam
1277 3503 1321 3560 in·

147 3605 319 3679 pendebant
342 3606 476 3680 singulis.
509 3615 543 3661 ut
570 3621 588 3660 a
611 3602 741 3660 minimis
760 3601 912 3676 incipiam,
932 3603 1121 3677 perfecerunt
1139 3601 1171 3662 οἱ
1185 3595 1322 3677 νεώτεροι

147 3721 183 3761 ea
211 3722 287 3778 quae
315 3704 430 3761 Ennius
461 3704 492 3760 in
521 3701 632 3760 litteris
662 3699 802 3759 finalibus
833 3699 997 3759 retinendis
1025 3700 1226 3759 incohauerat
1271 3698 1321 3757 hic

149 3801 227 3859 enim
249 3800 408 3860 utilissimo
431 3800 570 3858 instituto
595 3802 709 3857 ceteras
733 3803 854 3873 praeter
874 3791 926 3855 ‘m'
946 3801 977 3856 et
996 3791 1034 3858 ‘s’
1054 3815 1198 3858 consonas
1217 3814 1320 3856 omues

147 3899 270 3974 propria
288 3900 333 3957 uti
352 3900 383 3957 ui
403 3900 433 3957 in
454 3898 591 3956 uersibus
610 3897 753 3973 iusserat3
778 3897 905 3957 ulterius
927 3897 1079 3976 progressi
1101 3897 1147 3955 illi
1170 3888 1321 3975 (1110109-

147 3998 228 4057 ronis
257 3997 352 4056 uerba
379 4014 471 4071 supra
499 3987 615 4075 adlata)
640 3997 732 4054 etiam
756 3987 802 4053 ‘s'
831 3995 918 4054 breui
946 3997 1041 4057 uocali
1069 3995 1234 4055 subiectam
1261 4010 1320 4051 non

147 4113 234 4170 pesse
253 4094 330 4153 abici
350 4098 512 4153 sanxerunt
530 4096 600 4151 ante
619 4112 778 4152 consonam
797 4095 1002 4171 insequentem
1024 4087 1073 4169 (ut
1091 4093 1205 4152 habent
1222 4090 1321 4151 adhuc

147 4192 259 4269 Cicero,
274 4192 441 4269 Lucretius,
455 4191 551 4250 Varro
567 4210 611 4249 ex.
625 4211 669 4267 gr.
684 4193 717 4250 in
731 4192 788 4249 fine
805 4190 969 4251 hexametri
984 4184 1011 4247 ‘e
1026 4190 1159 4249 fontibus
1174 4181 1321 4269 magnis’)

147 4291 424 4366 damnaueruntque
439 4289 562 4365 proinde
577 4290 668 4347 etiarn
683 4290 736 4348 illu
747 4284 879 4366 ‘dictust
894 4291 1022 4362 seruust,
1035 4283 1191 4363 magnust'
1206 4289 1321 4364 passim

147 4389 227 4465 apud
251 4389 364 4465 priscos
387 4388 485 4448 obuia.
518 4388 573 4445 hnc
597 4407 714 4464 quoque
738 4390 770 4446 iu
792 4386 912 4446 reneri
935 4388 981 4444 est
1004 4384 1101 4443 simile
1125 4405 1176 4446 eus
1199 4392 1320 4449 secutos
