2940 4912
209 307 274 373 154
626 307 957 378 (xv111-)xxrr-e.

209 470 335 526 ‘haerere
354 469 438 525 lateri
456 470 504 538 (ad
523 468 609 537 latus)
628 469 759 525 alicuius’
779 468 826 524 uel
851 468 1020 540 simpliciter
1038 469 1135 525 'alicui
1153 468 1280 525 haerere’
1302 469 1383 538 (1161.

208 559 252 615 od.
272 561 284 614 l
302 565 347 628 82,
368 564 412 628 10)
431 560 575 615 sollemnis
594 560 629 614 de
648 558 766 615 adsiduo
785 559 887 615 comite
905 559 1002 615 dictio.
1021 589 1055 600 -—
1075 559 1103 614 1.
1122 558 1242 615 rusus
1258 558 1383 615 1161611-

207 649 290 704 616116
308 650 412 704 aemuli
430 649 530 720 plenus
549 649 578 703 0.
598 649 740 704 exclamat
762 649 863 704 acerbe
887 650 932 718 (=
950 665 1007 704 noa
1026 646 1167 719 optinebit
1184 649 1382 718 propositum).

206 737 254 807 qui
274 755 340 793 usus
366 739 483 793 uoculae
507 740 590 792 notua
614 740 658 792 est
680 755 714 793 ex
738 738 802 793 Hor.
823 739 867 794 od.
887 737 925 792 111
945 743 970 806 ’1,
989 743 1023 792 tl
1047 741 1077 793 et
1096 744 1137 805 1³,
1157 742 1186 804 6,
1210 735 1259 791 ubi
1281 737 1383 792 itidem

209 828 297 882 ‘nam’
317 826 457 896 sequitur;
481 827 579 882 eodem
603 827 686 882 modo
710 826 832 882 breuiter
854 826 917 882 ‘neo
940 827 1056 882 frustra’
1081 824 1220 882 dicebant
1246 856 1279 869 -
1304 826 1333 898 1,
1352 827 1383 882 8.

206 931 274 972 nam
294 916 422 972 lnsldlas
440 916 516 971 1111111
535 915 737 971 {astruentem
755 916 877 982 mnsam
895 917 926 971 te
944 915 1032 984 prior
1051 915 1265 971 larumatloue.
1301 933 1382 986 repo-

206 1006 264 1060 suit
286 1005 482 1060 Oltibbeclrius
510 1005 658 1078 [Fleckeis.
684 1011 836 1061 66111862
859 1023 886 1075 p.
902 1005 966 1076 318]
988 1005 1163 1059 ‘etmentem'
1188 1005 1234 1074 (de
1251 1004 1322 1061 uitio
1345 1005 1384 1063 oi.

206 1092 317 1148 Lachm.
341 1095 378 1149 ad
401 1093 480 1150 hucr.
504 1113 532 1164 p.
547 1099 618 1163 231).
659 1095 754 1149 dixere
777 1093 897 1149 Romani
921 1092 1054 1149 ‘insidias
1078 1094 1200 1149 struere’
1225 1094 1268 1149 ite
1291 1097 1324 1149 ut
1346 1095 1383 1150 de

205 1183 339 1253 parandis
354 1184 413 1238 siue
428 1183 564 1239 faciendis
578 1183 738 1253 cogitarent
751 1188 797 1253 (-
811 1182 956 1250 insidiari),
976 1185 1075 1238 contre
1091 1180 1382 1252 ε11161111661116116616,

205 1273 250 1342 (ci.
270 1272 366 1327 lustin.
385 1271 476 1326 XXIV
495 1280 520 1341 2,
542 1279 555 1327 1
580 1275 610 1327 et
628 1272 688 1327 aiu.
708 1272 812 1338 11123,
835 1275 862 1342 6)
885 1271 920 1325 de
943 1271 1052 1326 insidiis
1075 1271 1132 1326 iam
1151 1273 1217 1327 ante
1236 1272 1383 1343 perpensis

205 1361 352 1432 patrandis
370 1362 429 1417 siue
448 1361 613 1417 efficiendis:
633 1361 752 1431 priorem
773 1359 945 1416 locutionem
958 1359 1005 1414 hic
1019 1361 1110 1416 solam
1124 1377 1177 1415 usn
1192 1360 1297 1430 uenire,
1316 1379 1382 1417 cnm

206 1468 252 1506 res
270 1450 333 1521 ipsa
351 1451 476 1506 ostendit
494 1454 594 1521 (neque
610 1450 684 1506 enim
699 1449 833 1505 adsiduus
848 1450 999 1506 comitatus
1016 1451 1073 1505 iam
1087 1466 1139 1520 pro
1152 1448 1262 1505 insidiis
1275 1450 1382 1506 baben·

205 1541 282 1608 dus),
308 1542 369 1594 tum
394 1555 461 1595 nero
487 1538 601 1594 additus
626 1539 753 1603 dutinus,
777 1538 822 1594 cui
848 1539 878 1593 in
902 1539 992 1595 altera
1009 1538 1133 1614 dictione
1155 1535 1204 1592 uix
1227 1543 1271 1594 est
1292 1539 1382 1597 locus.

207 1630 345 1700 ‘tangere'
368 1628 492 1683 Muretus
515 1628 620 1698 accipit
640 1628 807 1698 ‘percutere’
828 1645 994 1698 comparans
1019 1627 1110 1684 Plaut
1131 1627 1230 1683 Pseud.
1250 1628 1262 1682 l
1283 1633 1308 1697 1,
1328 1635 1382 1685 120

205 1721 231 1775 si
248 1721 381 1774 nemiuem
399 1719 486 1774 olium
500 1723 612 1788 potero,
630 1723 707 1772 laum
725 1722 838 1788 tuocum
854 1723 962 1787 patrem
981 1721 1026 1784 (=
1041 1716 1168 1772 multabo
1183 1716 1238 1772 hoc
1251 1717 1382 1787 damno);

205 1808 256 1863 alii
273 1807 378 1864 rectius
397 1807 565 1863 uocabulum
588 1808 619 1861 in
642 1824 672 1861 re
691 1823 811 1862 uenerea
829 1807 972 1877 proprium
990 1806 1078 1862 inisse
1096 1807 1231 1863 adwrunt
1248 1823 1282 1862 ex
1300 1805 1382 1875 locis,

207 1898 304 1966 quales
323 1899 389 1952 sunt
406 1896 473 1951 Hor.
492 1898 544 1952 sat
564 1897 576 1950 l
595 1902 621 1966 Ξ,
641 1902 675 1951 54
693 1901 846 1951 matronam
864 1898 970 1952 6611616
988 1913 1036 1968 epo
1055 1903 1139 1966 16696
1159 1894 1205 1965 (cf.
1226 1896 1319 1967 ‘uirgo
1337 1897 1381 1953 in·

204 1987 319 2055 tacta’);
339 1986 374 2041 ci.
394 1989 423 2041 et
440 1985 533 2056 Priep.
548 1990 623 2053 28,5
642 1986 744 2040 altiora
762 1991 882 2055 1666616.
911 1984 1038 2041 ablatiuo
1057 1985 1146 2056 igitur
1165 1985 1378 2043 ‘inramatioae’

205 2079 289 2144 (quae
317 2091 371 2129 uox
396 2074 451 2128 nisi
476 2073 524 2130 hic
548 2090 604 2128 non
631 2076 720 2142 extat)
743 2075 902 2129 accuratius
927 2074 1062 2144 tangendi
1084 2075 1184 2129 modus
1206 2075 1380 2146 designatur.

205 2166 329 2220 ceterum
353 2164 429 2233 quod
452 2164 477 2220 V
497 2163 741 2218 ‘intaminatione’
762 2164 804 2231 (et
822 2162 953 2217 similiter
976 2182 1002 2218 u.
1020 2167 1064 2231 la)
1087 2164 1186 2219 babets
1210 2163 1270 2218 ‘in'
1296 2182 1382 2235 snpra

207 2253 262 2308 ‘ir'
283 2253 351 2309 olim
371 2254 494 2324 positum
513 2254 689 2308 correcturae
712 2268 797 2308 cause
820 2252 894 2307 male
917 2251 1094 2306 intellectum
1116 2253 1308 2322 insertumque
1327 2256 1382 2310 est.

206 2343 315 2414 ‘prior’‚
334 2344 363 2397 te
384 2341 455 2397 mibi
474 2340 655 2396 insidiantem
673 2341 857 2412 praeueniens
876 2342 936 2411 ipse
955 2341 1080 2397 inludam
1100 2341 1160 2396 tibi.
1180 2371 1214 2383 -
1240 2343 1382 2412 9.·1616

207 2432 240 2487 ld
258 2432 285 2488 sl
304 2433 422 2487 laceres
440 2431 528 2486 satur
543 2432 687 2487 16661616.
714 2430 752 2485 ad
770 2430 902 2485 mirificas
924 2447 1015 2500 nugas
1032 2429 1161 2485 nonnulli
1178 2431 1288 2502 delapsi
1306 2435 1380 2488 sunt

204 2521 404 2591 intempestiue
430 2520 504 2575 enim
530 2520 681 2589 recordati,
708 2522 818 2576 saturos
844 2519 964 2574 mammo
991 2520 1027 2574 ad
1055 2518 1200 2575 libidinem
1228 2536 1289 2574 esse
1316 2538 1382 2590 pro·

206 2626 308 2681 pensos
327 2608 442 2677 (XXXII
463 2615 508 2675 1⁰3
528 2609 563 2664 cf.
583 2611 612 2663 et
631 2608 798 2677 biartlet,
816 2614 847 2662 14
862 2609 977 2678 pedico,
998 2609 1191 2676 Mammam,
1208 2612 1307 2679 66161),
1326 2609 1380 2667 Ga-

207 2699 310 2754 tullum
334 2698 441 2753 faciunt
465 2697 618 2767 dicentem,
641 2717 671 2754 se
693 2699 844 2753 taciturum
867 2698 928 2753 siue
950 2698 981 2752 id
1003 2698 1145 2768 patienter
1168 2698 1292 2754 laturam
1312 2716 1381 2770 esee,

207 2790 231 2843 si
251 2788 377 2843 aemulus
396 2787 512 2842 libidine
531 2787 620 2841 saturi
639 2787 759 2842 bominis
777 2787 891 2857 propria
909 2786 1101 2856 impelleretur.
1133 2786 1214 2856 quasi
1231 2804 1299 2844 uero
1318 2789 1381 2846 ullo

207 2882 290 2949 pacto
309 2880 404 2932 noster
423 2877 560 2930 taciturus
579 2881 652 2931 esset
672 2878 707 2931 de
730 2876 840 2932 insidiis
859 2875 914 2931 sibi
933 2876 992 2932 siue
1015 2895 1033 2932 a
1051 2878 1147 2932 saturo
1165 2877 1225 2932 siue
1249 2894 1267 2932 6
1285 2877 1381 2935 ieiuno

205 2966 333 3022 intentis!
376 2965 473 3019 subest
499 2965 593 3034 potius
616 2963 766 3019 artificium
789 2965 974 3034 rhetoricum,
1000 2983 1055 3034 qno
1078 2966 1253 3022 occasionem
1276 2984 1379 3038 oppro-

206 3055 306 3111 brandi
324 3054 408 3109 riuali
426 3056 623 3123 paupertatem
638 3052 666 3108 C.
682 3053 794 3123 adripit.
830 3054 881 3107 ‘id'
903 3054 989 3124 uulgo
1008 3056 1134 3111 referunt
1151 3055 1187 3109 ad
1205 3060 1264 3111 ab
1284 3056 1380 3112 ‘dmul

206 3163 237 3200 es
257 3186 281 3201 ..
301 3142 461 3214 experiris’3
481 3142 555 3212 quod
576 3158 746 3211 quamquam
764 3160 819 3198 non
837 3143 940 3197 falsum
960 3147 1016 3212 est,
1035 3144 1127 3199 solent
1143 3146 1239 3201 tamen
1257 3145 1380 3202 Romani

204 3237 350 3305 eleganter
368 3232 398 3287 in
411 3232 549 3287 uocabulo
568 3232 684 3288 ‘lacere’
705 3232 835 3287 omittere
853 3233 1105 3288 demonstratiuum
1126 3234 1162 3288 ad
1180 3235 1276 3304 priora
1293 3237 1380 3307 respi-

206 3326 297 3381 ciens:
322 3322 416 3393 pueris
438 3322 537 3376 notum
561 3323 607 3376 est
623 3319 706 3390 Verg.
726 3323 795 3376 Aen.
814 3320 853 3375 IX
871 3327 922 3375 427
944 3323 1041 3377 odeum
1058 3325 1107 3392 qui
1124 3324 1189 3390 scos}
1213 3323 1380 3392 6161166161

204 3415 263 3470 alia
281 3411 372 3467 multa
391 3410 545 3481 (congessit
562 3411 699 3465 nonnulla
716 3411 815 3465 Mauro
834 3411 871 3464 ad
889 3409 1022 3465 11161111
1040 3416 1120 3482 1112)
1139 3412 1288 3467 1116111111
1302 3419 1378 3482 tm

203 3506 315 3572 furem,
334 3506 360 3557 si
381 3504 482 3570 faceret
500 3502 587 3556 bonus
601 3506 691 3570 poeta.
728 3504 821 3554 ortum
845 3502 889 3555 est
906 3504 1000 3555 autem
1021 3501 1081 3555 ‘id’
1103 3518 1137 3556 ex
1155 3503 1332 3557 coniecturas
1354 3503 1379 3560 V

208 3594 305 3662 ‘atque
323 3591 389 3662 ipsi’
410 3591 534 3661 praebet.
573 3589 664 3644 mouit
686 3589 753 3643 olim
772 3606 826 3644 uox
847 3590 963 3658 ‘atque’
984 3588 1191 3645 dubitationem
1210 3591 1301 3646 doctis
1321 3592 1379 3646 ‘at-

206 3681 270 3750 qui’
301 3680 508 3750 reponentibus
549 3681 647 3734 notum
673 3681 718 3732 est
742 3679 858 3748 ‘atque’
883 3679 913 3733 in
938 3677 1021 3734 initio
1046 3677 1112 3733 noui
1137 3679 1277 3735 enuntiati
1302 3680 1379 3751 apud

205 3770 326 3824 comicos
345 3769 466 3823 maxime
483 3768 686 3839 significatione
702 3767 841 3837 attingere
856 3767 996 3822 interdurn
1011 3768 1082 3823 illud
1097 3768 1210 3837 ‘aequa
1229 3769 1271 3825 ita
1284 3773 1378 3825 tamen

204 3863 237 3913 ut
255 3861 385 3912 accurate
408 3857 571 3927 inspicienti
594 3860 730 3928 appareat
748 3857 910 3923 discrimem
935 3857 969 3912 ci.
989 3856 1102 3912 omniuo
1121 3857 1248 3913 Handins
1267 3860 1346 3916 Tura.
1366 3861 1378 3914 l

203 3967 230 4019 p.
246 3953 387 4015 481666,
412 3947 460 4015 qui
484 3949 559 4001 recte
582 3947 639 4001 uim
663 3946 871 4002 aduersatiuam
896 3963 913 4000 6
935 3963 1004 4001 uoco
1028 3946 1079 4001 illa
1100 3947 1222 4003 alienam
1246 3962 1308 4003 esse
1332 3949 1377 4003 de-

203 4039 352 4093 monstrat.
390 4035 531 4090 desiderat
553 4039 648 4091 noster
671 4037 748 4091 locus
772 4037 825 4090 boc
848 4036 918 4091 iere:
943 4035 994 4090 sed
1013 4038 1121 4100 1616611,
1145 4036 1282 4106 quidquid
1306 4037 1378 4108 agis,

203 4143 258 4181 non
282 4125 375 4180 hercle
399 4124 515 4180 uerbum
538 4127 658 4180 iacerem
682 4126 717 4179 de
741 4141 775 4180 ea
798 4141 841 4191 re,
865 4126 888 4179 si
914 4157 955 4181 -.
997 4143 1062 4180 uere
1085 4125 1173 4197 igitur
1194 4125 1379 4182 restituerunt

205 4215 307 4283 ‘atqui’
329 4214 388 4269 siue
407 4214 528 4284 priscum
555 4215 674 4282 ‘atquei’
695 4214 824 4281 (sortasse
849 4215 892 4268 ‘at
914 4214 990 4283 quei’
1010 4218 1154 4283 praestare
1173 4216 1320 4272 ostendam
1340 4216 1378 4271 ad

203 4302 294 4358 1111111
316 4306 368 4372 12).
406 4303 479 4373 quod
504 4320 556 4373 ego
575 4307 669 4358 tamen
695 4303 734 4357 sic
760 4304 978 4372 recuperandum
1002 4319 1116 4370 censeo,
1140 4306 1172 4358 ut
1196 4320 1247 4374 pro
1266 4303 1377 4373 ‘atque-

199 4391 275 4463 ipsi’
296 4392 388 4464 legam
409 4392 522 4463 ‘atquei
541 4392 595 4446 si':
619 4392 667 4447 nbi
686 4393 771 4447 semel
792 4392 834 4447 ‘i'
855 4393 938 4448 solito
962 4391 1101 4446 informa
1124 4392 1176 4447 illa
1193 4391 1288 4464 prisca
1304 4391 1378 4449 nitio
