2940 4912
144 290 188 356 54
585 289 870 348 PROLEGOIIENA.

233 461 257 520 I.
281 462 453 522 hexameter
476 461 644 539 dactyh'cus
668 458 722 538 [cc.
741 461 840 540 LXII,
863 459 990 540 LXIV]:

480 576 984 616 LWLWLWLWLOELU

144 677 336 719 caesurarum
360 659 449 734 louge
472 658 716 735 frequentissima
739 658 788 719 est
808 678 844 720 ea
863 678 940 736 quae
958 659 993 719 fit
1010 661 1080 736 post
1098 660 1181 720 arsin
1197 662 1321 722 tertiam

144 757 210 817 siue
227 757 364 833 quintum
385 756 565 833 semipedem
581 749 833 838 (semiquinaria),
847 757 946 818 rarius
965 758 1061 820 multo
1081 777 1133 819 eae
1150 777 1229 835 quae
1247 759 1323 820 fiant

143 859 214 931 post
240 857 323 914 arsin
351 859 490 931 quartam
513 846 563 935 (ut
586 854 683 914 LXIV
708 848 764 935 85)
793 860 825 916 et
851 856 1012 916 secundam
1035 848 1149 936 (LXIV
1173 850 1244 937 21),
1267 859 1321 918 sed

144 958 180 1013 ut
202 954 275 1013 haec
294 953 504 1012 semiternaria
527 957 557 1013 et
580 953 828 1030 semiseptenaria
845 955 1002 1015 coniuncta
1020 954 1111 1032 paulo
1129 956 1251 1031 saepius
1273 975 1320 1016 re·

143 1051 294 1128 periatur:
322 1055 441 1127 gratam
469 1051 554 1110 illam
577 1050 704 1128 Vergilii
728 1050 888 1129 Ouidiique
911 1052 1091 1113 uarietatem
1112 1053 1246 1114 nondum
1268 1053 1320 1115 ad·

144 1153 264 1210 secutus
292 1152 339 1208 est
365 1153 477 1209 noster.
522 1152 655 1209 ceterum
682 1168 719 1208 er
747 1150 789 1210 eis
818 1170 895 1227 quae
923 1169 1014 1227 supra
1041 1151 1195 1227 disputaui
1222 1152 1322 1213 elucet

144 1266 363 1308 neocaesarea
392 1247 544 1308 bucolicae
568 1237 652 1328 (nam
680 1246 764 1306 LXII
790 1251 806 1307 1
839 1249 919 1308 facta
946 1252 1015 1325 post
1042 1242 1199 1310 ‘iuuenes'
1227 1249 1321 1311 intar-

143 1347 305 1423 puuctioue
328 1347 429 1423 potius
453 1347 642 1406 restituenda
664 1350 711 1407 est
734 1338 1022 1425 hephthemimeres)
1044 1366 1099 1407 nec
1122 1347 1163 1423 ei,
1185 1364 1261 1424 quae
1284 1348 1320 1408 iit

144 1447 214 1520 post
237 1446 360 1504 tertium
383 1445 569 1520 trochaeum,
600 1445 698 1503 ullum
725 1464 791 1506 esee
813 1445 844 1504 in
867 1446 956 1505 docta
982 1446 1066 1521 poesi
1094 1445 1190 1506 latina
1211 1446 1317 1507 locum.

144 1562 213 1601 nam
237 1561 313 1618 quae
337 1542 426 1602 huius
449 1542 628 1603 adferuntur
651 1543 787 1618 exempla
814 1543 903 1618 louge
926 1543 1016 1604 aliter
1038 1543 1226 1620 explicanda:
1248 1563 1320 1604 nam

144 1643 179 1699 ut
202 1641 309 1700 ceteris
332 1640 404 1700 locis
428 1641 539 1700 adsum
562 1640 640 1700 aliae
663 1659 805 1700 caesurae
829 1641 983 1718 uulgares,
1012 1641 1058 1701 ita
1079 1641 1177 1702 LXIV
1202 1645 1263 1704 141
1289 1646 1321 1703 et

147 1741 211 1798 404
236 1738 329 1798 habes
354 1738 598 1813 seminouariam,
622 1757 699 1815 quae
718 1740 750 1797 et
767 1737 834 1814 ipsa
851 1738 948 1814 perite
966 1737 1103 1798 adhibita
1121 1741 1168 1799 est
1184 1739 1322 1815 pulcher-

144 1837 234 1913 rima,
258 1839 290 1895 et
308 1836 404 1894 LXIV
424 1839 487 1896 206
509 1841 540 1896 et
558 1836 702 1896 uxvln·
722 1838 762 1896 39
788 1839 857 1895 ante
877 1829 958 1913 ‘que’
978 1837 1083 1897 incisio
1102 1836 1150 1911 fit,
1173 1840 1208 1897 ut
1225 1839 1322 1899 restet

145 1935 249 1994 unicus
268 1953 374 1993 uersus
389 1934 486 1993 LXIV
504 1936 576 2013 115,
595 1935 647 2012 qui
665 1953 733 1994 curn
751 1938 833 1994 certo
848 1935 971 1995 coneilio
992 1952 1116 1995 caesura
1133 1939 1217 1996 caret
1231 1937 1319 1996 omni.

145 2033 224 2109 quod
248 2032 286 2091 ad
310 2032 446 2109 singulos
469 2032 561 2109 pedes
584 2033 709 2108 attinet,
732 2034 908 2108 praeualent
932 2032 1021 2108 longe
1049 2025 1098 2111 (ut
1119 2049 1175 2108 par
1197 2035 1245 2092 est
1265 2033 1321 2094 illa

145 2123 260 2209 aetate)
279 2129 405 2205 spondei
425 2125 475 2209 (ex
489 2131 622 2190 centenis
641 2130 781 2191 uersibus
800 2130 898 2207 siqui
916 2130 1054 2206 spondeis
1073 2133 1235 2190 onerantur
1249 2134 1322 2191 suut

146 2230 202 2302 61,
226 2227 328 2304 siqui
355 2228 457 2305 plures
480 2228 594 2288 habent
621 2227 756 2305 dactylos
781 2232 809 2305 7,
837 2229 923 2288 mixti
947 2227 1019 2309 32),
1048 2229 1100 2289 sed
1126 2231 1162 2288 ut
1187 2229 1321 2290 medium

145 2326 361 2401 multomagis
390 2344 512 2386 uersum
540 2326 708 2402 optineant:
736 2326 911 2403 plerumque
938 2346 992 2403 per
1019 2326 1173 2404 dactylum
1199 2326 1320 2387 fortiter

144 2425 288 2502 incipieus
312 2443 379 2484 cum
402 2426 555 2502 grauitate
577 2425 712 2502 procedit
733 2443 787 2500 per
810 2424 957 2500 spondeos
980 2425 1153 2484 hexameter
1173 2422 1317 2485 catulus

144 2543 214 2600 nus;
237 2525 273 2584 cf.
297 2523 492 2583 Drobiachius
516 2523 736 2584 dissertationis
761 2515 821 2582 ‘sin
844 2523 1046 2584 stetistischer
1067 2521 1201 2584 Versuch
1224 2522 1319 2585 ueber

145 2622 193 2681 die
212 2621 340 2681 Formen
359 2620 412 2680 dea
431 2620 485 2682 lat
499 2614 708 2681 hexameters’
728 2641 757 2697 p.
773 2623 813 2681 99
830 2640 892 2698 sqq.
912 2621 944 2681 in
957 2621 1062 2698 quInto
1076 2621 1151 2698 pede
1165 2618 1320 2682 Catullum

146 2720 300 2795 sociosque
328 2737 396 2778 cum
423 2737 525 2779 amors
553 2719 681 2796 quodam
709 2719 784 2778 miro
812 2720 948 2795 posuisse
976 2720 1141 2797 spondeum
1168 2709 1214 2799 (id
1240 2719 1321 2797 quod

144 2816 224 2894 apud
251 2816 366 2892 priores
397 2834 584 2894 coaeuosque
607 2816 781 2877 Lucretium
811 2820 841 2876 et
864 2815 1036 2878 Ciceronem
1064 2816 1099 2877 fit
1129 2805 1249 2879 omnino
1271 2836 1319 2878 ra·

147 2908 293 2988 rissime),
313 2914 372 2973 iam
393 2933 484 2991 supra
501 2935 529 2991 p.
552 2918 591 2975 13
612 2914 687 2992 ‹11113
710 2916 746 2978 cf.
766 2916 885 2976 omnino
906 2915 1138 2995 diligentissima
1154 2914 1319 2992 disputatio

146 3012 314 3073 AViertelii
337 3012 368 3071 in
390 3012 535 3075 Fleckeis.
555 3032 623 3074 ann.
645 3017 729 3075 1862
750 3035 778 3098 p.
799 3015 861 3074 801
878 3031 956 3091 sqq,
979 3018 1011 3074 et
1032 3014 1069 3074 de
1088 3013 1254 3074 hexametri
1271 3031 1320 3073 sx-

146 3113 245 3172 euntis
274 3110 509 3171 conformatione
533 3110 723 3172 Lthellerus
747 3112 821 3173 dr.
845 3132 884 3171 m.
907 3133 935 3189 p.
955 3115 1020 3174 210
1034 3131 1077 3189 sq.
1101 3104 1153 3191 (de
1180 3110 1319 3173 uersibus

148 3209 350 3288 hypermstris
374 3209 411 3269 cf.
435 3208 533 3268 LXIV
558 3212 632 3285 298,
655 3209 753 3269 LXVI
779 3213 830 3286 77,
853 3208 933 3269 CXV
957 3203 1001 3290 5).

235 3308 275 3370 11
299 3307 450 3368 distichon
473 3308 638 3384 elegiacum
661 3305 936 3385 [LXV-CXVIJ:

482 3421 984 3461 LWLWLWtWLWLQ

519 3517 537 3549 ι
554 3513 591 3550 ῡῡ
608 3516 626 3549 s
644 3514 680 3549 ω
697 3517 715 3549 1
728 3499 738 3565 I
751 3517 769 3550 s
786 3523 823 3551 w
840 3517 859 3550 s
875 3522 912 3550 w
929 3499 948 3551 2'

147 3607 178 3665 in
201 3608 391 3682 pentametro
420 3623 488 3663 cum
511 3603 639 3664 maxime
667 3603 843 3663 incensum
870 3603 973 3663 ueniat
999 3620 1069 3679 pars
1098 3602 1207 3675 altera,
1234 3602 1320 3663 cuius

16 3774 25 3793 ·
147 3722 183 3763 ea
205 3704 236 3762 in
259 3702 390 3762 carmine
413 3703 546 3778 perfecto
577 3706 624 3762 est
646 3702 791 3777 condicio,
818 3705 853 3761 ut
876 3705 957 3761 statu
980 3699 1081 3777 quieto
1108 3700 1166 3760 toti
1192 3699 1320 3763 muchs

147 3801 326 3860 conueniens
344 3820 403 3859 non
422 3801 491 3875 plus
511 3819 600 3876 quam
621 3800 714 3859 semel
733 3799 770 3858 ab
791 3803 930 3860 accentus
949 3799 1065 3860 metrici
1083 3802 1114 3858 et
1132 3800 1320 3874 grammatici

149 3897 297 3957 discordia
325 3899 365 3957 sit
387 3898 577 3971 concitatior,
605 3897 683 3958 hauc
709 3901 806 3957 artem
833 3917 981 3958 summam
1007 3897 1039 3956 in
1061 3894 1168 3956 Ouidio
1191 3896 1320 3957 maxime

148 3997 353 4056 admirandam
381 3996 556 4071 neutiquam
586 3996 745 4056 adsecutus
773 4000 820 4056 est
843 3995 979 4056 Catullus
1001 3985 1047 4073 (id
1070 3993 1149 4070 quod
1175 4011 1213 4052 ex
1236 3993 1319 4054 disti·

148 4097 271 4155 chorum
295 4095 327 4153 in
349 4093 534 4170 longioribus
558 4096 705 4170 poematia
729 4095 949 4154 condendorum
970 4089 1064 4148 initiis
1088 4090 1176 4150 facile
1199 4109 1320 4152 excusa-

148 4189 225 4271 tur),
253 4193 364 4269 quippe
391 4193 442 4267 qui
471 4193 645 4268 saepissime
673 4193 760 4253 finem
789 4192 881 4251 faciat
906 4190 936 4246 in
959 4185 1105 4245 uocabulo
1131 4189 1200 4263 plus
1228 4208 1319 4265 quam

147 4292 312 4376 bisyllabo,
331 4309 385 4350 uec
404 4291 500 4349 solum
519 4293 606 4351 modo
625 4290 777 4351 tolerabili
792 4282 841 4366 (ut
852 4285 970 4358 scepsis
982 4277 1135 4359 officium),
1154 4285 1208 4343 sed
1227 4287 1319 4346 etiam

150 4389 248 4448 minus
271 4389 402 4464 placenti
422 4382 471 4467 (ut
493 4390 634 4448 detulerat
652 4389 822 4449 barathrum
843 4385 874 4442 et
894 4378 1051 4438 carmen
1072 4371 1185 4459 capiti).
1221 4401 1319 4461 neque
