2940 4912
532 336 635 391 xxxa
655 343 751 394 9-11.
790 337 903 391 xxxiu
928 345 948 392 1.
1262 338 1323 402 197
1357 401 1359 407 ,
1428 335 1429 338 '

144 504 171 562 t,
187 504 223 550 23
244 502 275 550 ot
294 514 382 566 nuper
401 497 443 550 bio
460 499 538 565 tlooo
553 498 662 564 Chlide,
680 503 720 552 ter
739 499 860 552 condida
878 497 974 565 Pitho,
993 503 1032 552 ter
1050 499 1136 553 Liboa
1154 500 1246 566 officio
1264 517 1325 554 coa-

143 589 263 640 timrutu
288 603 345 640 mro
363 592 418 650 εει,-
445 588 550 655 eripere
578 606 595 640 o
622 589 701 642 nobis
727 593 846 656 onorata
871 592 947 640 noete
972 587 1122 642 Corinnam
1148 605 1187 641 me
1215 589 1326 641 oioruini

144 692 274 729 numeror
296 676 460 729 sustinuisse
478 692 582 730 monem.
622 677 747 746 ‘pa1·es’‚
767 675 801 729 de
825 676 963 744 apparatu
987 675 1159 741 meretricio;
1183 676 1218 730 cf.
1242 676 1271 730 in
1295 694 1324 731 ro

144 762 235 818 simili
255 763 338 834 Apul.
354 764 420 818 met.
436 762 462 816 X
476 770 518 818 20.
548 782 617 819 uoce
637 764 764 819 ‘intuitio’
784 768 850 833 post
865 764 1019 833 Catullum,
1039 765 1087 834 qui
1105 765 1211 834 primus
1229 766 1324 834 habet,

144 854 190 906 uei
208 853 278 906 eunt
296 853 403 906 Seneca
417 851 504 923 epigr
522 858 594 920 70,7
616 853 711 924 [PLM.
727 852 764 905 IV
783 872 810 922 p.
825 853 871 923 84]
893 855 922 907 et
936 853 1018 907 Mart.
1035 854 1160 920 [106,6,
1181 885 1216 895 -
1232 855 1263 911 9.
1285 854 1324 909 si·

143 942 223 1011 quid
239 956 328 1012 ages,
347 941 450 996 statlm
471 941 585 996 iubeto.
622 940 646 995 ei
664 941 735 996 forle
748 941 848 996 ‘moliri
867 945 951 1011 atque
971 941 1070 1010 exequi
1090 943 1132 997 uis
1152 961 1197 1009 ea,
1216 960 1288 1012 quae
1307 960 1325 997 a

143 1035 173 1086 te
199 1034 274 1101 peto.
312 1031 527 1095 obuemabatur,
551 1031 579 1084 ni
604 1030 701 1097 fallor,
724 1032 825 1099 poetae
848 1030 919 1084 illud
943 1048 1005 1099 ope,
1028 1033 1120 1101 siquid
1143 1034 1204 1100 opis
1222 1033 1323 1100 (Plani.

144 1119 228 1190 Epiri.
244 1121 269 1173 ll
289 1125 315 1186 2,
336 1124 369 1172 ta
389 1122 417 1173 et
436 1118 523 1173 Stich.
539 1117 563 1170 V
578 1125 602 1185 4,
624 1123 677 1184 35),
697 1119 746 1172 sed
765 1118 828 1172 loco
848 1119 922 1172 illius
944 1120 1018 1189 ‘age’
1040 1119 1069 1173 id
1088 1119 1163 1188 quod
1182 1121 1272 1190 magis
1292 1138 1325 1176 ex

144 1225 175 1262 re
197 1212 260 1262 erat
280 1208 389 1262 ‘rtatim
409 1206 517 1261 iubeto'
540 1206 609 1276 (se-il.
629 1207 664 1260 ad
684 1208 712 1261 te
733 1207 856 1260 ueniam:
877 1226 902 1261 a.
919 1210 946 1276 3)
966 1207 1071 1276 posuit,
1091 1225 1146 1263 non
1166 1207 1256 1262 solum
1276 1226 1326 1279 per

146 1297 273 1351 ‘ztatim'
294 1294 490 1351 meretriculae
509 1295 537 1349 iu
559 1295 721 1349 memoriam
737 1312 872 1351 reuocans
886 1297 957 1351 illud
973 1295 1027 1352 ‘bis
1042 1297 1100 1362 (lat,
1119 1298 1167 1364 qui
1187 1298 1236 1352 dat
1253 1299 1324 1354 eele-

145 1387 238 1441 riter''
255 1385 297 1454 (Ρ.
318 1385 403 1454 Syrus
428 1386 439 1438 l
464 1387 505 1453 6),
532 1384 581 1439 sed
605 1383 691 1438 etiam
714 1384 876 1454 imperatiui
901 1386 990 1440 forma
1009 1385 1122 1440 fortiore
1143 1403 1262 1456 urguens
1287 1389 1323 1441 ud

144 1475 297 1546 agendum.
335 1472 428 1545 lepide
451 1472 585 1543 Vulpiue:
612 1473 704 1541 ‘uide‚
729 1473 753 1526 ni
776 1473 868 1541 lubet,
892 1474 960 1542 quid
983 1474 1119 1528 acciderit
1145 1476 1246 1543 poetae
1272 1476 1324 1531 Ve-

145 1564 248 1619 nusino
268 1564 391 1634 puellam
411 1562 584 1633 expectanti,
604 1565 654 1616 sat.
670 1563 681 1615 l
697 1569 723 1629 t,
738 1563 793 1617 82’.
814 1593 846 1602 -
868 1564 915 1631 10,
936 1563 983 1618 11.
1004 1577 1072 1617 uam
1091 1577 1221 1630 protinus
1240 1564 1323 1621 laceo

145 1656 177 1708 et
207 1655 295 1707 natur
321 1651 447 1720 saiplnun
472 1650 623 1720 pertundo
649 1650 842 1716 tunicamque
869 1650 1067 1719 palliumque.
1109 1651 1209 1706 melius
1235 1655 1323 1709 multo

145 1744 358 1798 construeretur
378 1741 511 1810 ‘pransus
535 1743 565 1794 el
587 1740 665 1794 eatur
688 1739 766 1793 iaeeo
786 1737 917 1808 supinus’
939 1755 1034 1807 quam,
1054 1740 1086 1792 at
1104 1741 1190 1810 uulgo
1208 1741 1323 1811 faciunt,

146 1834 189 1887 ‘et
210 1830 351 1901 pertundo
371 1831 448 1884 natur
472 1829 598 1898 eupinus’
621 1827 733 1896 (quain
755 1827 862 1884 ratione
883 1827 1019 1897 ‘supinus’
1041 1828 1114 1883 male
1137 1847 1199 1882 oum
1221 1830 1321 1885 ‘eatur’

146 1923 275 1976 iunctum
296 1918 422 1973 abundat
440 1922 506 1988 post
525 1917 646 1983 ‘iaee0’3
667 1919 696 1970 et
715 1918 769 1971 hoo
789 1917 936 1972 cohaerere
956 1934 1019 1971 enm
1040 1917 1184 1988 ‘supinus’
1206 1921 1324 1990 simplex
1399 1914 1404 1923 ’

146 2008 282 2065 iudicium
301 2006 452 2076 agnoseit),
473 2007 496 2060 ei
516 2006 613 2061 liceret
631 2006 659 2060 in
680 2025 706 2059 u.
725 2005 826 2059 ultimo
845 2003 923 2075 prins
944 2005 1022 2074 ‘que'
1043 2006 1079 2060 ad
1099 2007 1260 2076 ‘pertundo’
1282 2030 1322 2066 re-

146 2099 220 2154 ferre
244 2102 291 2163 (=
311 2095 505 2167 pertundoque
528 2095 652 2149 tunicam
676 2095 868 2164 palliumque).
906 2109 957 2148 nen
983 2095 1094 2149 uidetur
1112 2094 1147 2151 de
1166 2097 1248 2152 huius
1267 2101 1322 2152 tra-

146 2187 278 2243 iectionis
297 2185 414 2240 lieentia
438 2189 501 2239 tuto
520 2185 656 2254 permissa
679 2183 802 2238 dubitari
827 2199 921 2252 poene,
947 2182 970 2237 si
991 2200 1185 2253 comparamus
1204 2186 1278 2240 LVll
1297 2194 1323 2242 2.

146 2277 220 2347 qnod
239 2277 264 2331 ri
284 2275 378 2330 minue
398 2274 503 2343 placet,
521 2272 615 2344 ponito
634 2276 697 2343 poet
713 2273 849 2342 ‘supinus'
867 2276 1006 2327 commate
1025 2273 1112 2328 uerba
1130 2279 1256 2331 extrema
1274 2294 1324 2347 per

146 2367 302 2436 asyndeton
324 2365 369 2418 hio
388 2363 417 2416 in
436 2380 543 2418 summa
568 2361 738 2433 inpatientia
757 2363 917 2432 magnalia
937 2380 992 2416 non
1015 2380 1112 2418 carens
1132 2364 1248 2434 adiungi
1267 2369 1322 2420 sta-

146 2466 268 2510 immun.
306 2454 335 2507 in
359 2452 472 2522 uulgari
490 2452 696 2507 construetione
715 2469 770 2506 nou
795 2450 854 2505 eine
874 2468 959 2506 eausa
981 2451 1102 2506 offensus
1122 2452 1253 2507 AStatius
1271 2473 1322 2524 pro

147 2545 249 2599 ‘satur’
271 2541 395 2597 coniecit
416 2542 507 2595 ‘ruthe
529 2544 573 2610 (=
593 2538 703 2612 σάθῃγ,
723 2541 749 2593 h.
766 2557 790 2595 e.
810 2540 936 2594 membro
955 2540 1037 2595 uirili.
1068 2541 1102 2594 de
1122 2542 1237 2610 prandio
1258 2546 1322 2597 auto

147 2632 375 2687 meridiationem
407 2630 477 2685 hora
511 2634 590 2685 nexta
625 2629 782 2700 septimane
815 2633 926 2698 sumpta
961 2629 994 2684 ei.
1029 2630 1224 2698 Marquardtue
1257 2633 1275 2687 l.
1303 2633 1322 2688 l.

147 2723 186 2794 [p.
202 2728 254 2777 258
270 2721 356 2791 sqq.];
381 2722 443 2774 erat
466 2718 536 2773 illud
562 2720 635 2788 apud
660 2719 785 2773 homines
810 2718 934 2773 modicos
960 2719 1018 2772 eius
1044 2720 1131 2786 modi,
1157 2724 1188 2773 ut
1211 2722 1321 2775 tantum

145 2812 326 2880 pnreluderet
344 2826 430 2863 cenae
450 2813 593 2878 (quantam
613 2809 764 2877 interpellet
783 2810 864 2861 inani
879 2813 973 2862 toenitae
987 2809 1057 2862 diem
1072 2810 1173 2863 dirrare
1189 2810 1252 2873 Hor.
1268 2813 1321 2867 aab.

146 2902 154 2952 1
175 2908 205 2968 ὅ,
227 2903 298 2967 127).
337 2900 409 2952 bene
432 2897 519 2967 igitur
543 2898 677 2966 largeque
696 2897 746 2951 illo
765 2896 810 2950 die
830 2897 981 2965 pranderat
1000 2900 1106 2963 noster,
1133 2901 1246 2967 eratque
1265 2899 1321 2954 iam

146 2989 228 3058 (quod
254 2987 369 3042 euenire
393 2986 466 3041 nolet
489 2987 572 3056 pleno
599 2986 681 3040 nimis
705 2988 813 3054 uentre)
837 3003 905 3054 opus
931 2984 1070 3039 Callirhoe
1095 2989 1215 3054 quadam
1236 2990 1321 3056 (Pers.

148 3088 174 3142 1,
195 3084 266 3143 134).
306 3077 377 3130 bene
400 3075 522 3145 ,Vulpiue
547 3094 588 3144 ep.
615 3077 704 3128 Plaut.
725 3075 806 3128 Most.
832 3074 868 3127 Ill
893 3082 922 3139 2,
947 3081 963 3128 3
984 3078 1137 3143 prandiam
1160 3079 1228 3130 roilli
1251 3096 1322 3132 uxor

143 3169 294 3236 perborum
313 3167 401 3231 dedit,
424 3182 499 3218 nunc
517 3165 662 3218 dormitam
683 3181 722 3216 rae
741 3164 813 3217 iubet
834 3165 880 3216 ire.
920 3161 1058 3232 ‘supinus’
1079 3164 1145 3218 huie
1165 3166 1321 3220 condicioni

147 3255 248 3311 rientris
274 3255 384 3309 onerati
409 3254 550 3308 conuenit.
590 3253 789 3322 ‘pertundere’
816 3256 909 3306 alitem
934 3270 989 3320 qua
1012 3270 1041 3305 ro
1065 3253 1215 3320 officiatur,
1240 3255 1322 3310 docet

147 3346 224 3400 Harl.
242 3344 279 3398 xl
298 3349 372 3410 lss‚5
391 3360 406 3397 o
425 3344 548 3412 quotieas
561 3344 655 3411 rigido
673 3343 799 3409 pulsabis
814 3342 905 3409 pollio
920 3358 1005 3406 κεκτη
1026 3341 1152 3410 Scaliger
1166 3360 1208 3411 cp.
1225 3343 1321 3412 liurip.

146 3436 217 3504 t'yel.
234 3439 288 3488 328
308 3431 417 3487 πέπλον
437 3428 544 3498 κρούω,
565 3431 695 3483 ASlatiua
712 3432 793 3483 deam
810 3428 989 3494 Pertundam
1011 3431 1044 3483 de
1064 3447 1120 3498 qua
1134 3430 1168 3486 es.
1186 3431 1321 3486 l'rellerue

148 3527 231 3593 msth.
255 3524 334 3576 liom.
356 3540 380 3590 p.
397 3528 457 3575 587.
497 3519 638 3589 ‘pallium’
660 3520 696 3572 ad
715 3518 790 3572 XXV
812 3526 827 3572 o
848 3518 919 3585 dixi,
939 3518 1024 3572 suisne
1044 3520 1150 3573 uestem
1170 3520 1243 3574 foras
1264 3538 1320 3574 am-

148 3612 318 3677 lulnntiunq
339 3609 411 3663 unde
430 3614 526 3663 noster
540 3625 582 3674 ae,
603 3611 635 3661 ul
653 3608 688 3660 ml
709 3607 881 3675 faciendum,
901 3607 941 3661 ita
960 3612 991 3661 ut
1006 3607 1171 3661 ueniendum
1191 3613 1320 3678 paralum

148 3701 234 3755 iacere
257 3700 356 3753 innuit
1188 3705 1194 3712 ·

653 3851 810 3908 XXXIII.

214 3969 243 4023 1.
268 3967 292 4022 0
317 3966 418 4020 lumem
443 3966 555 4036 optime
581 3966 819 4020 balneariorum.
856 3966 966 4035 glossae
991 3965 1076 4021 Linbb.
1098 3986 1124 4036 p.
1140 3974 1172 4020 to
1197 3943 1245 4033 t'oi·
1264 3968 1320 4020 bol·

151 4060 273 4112 neurius:
293 4055 529 4128 βαλανοκλὲπτης.
561 4056 629 4108 nihil
650 4055 690 4108 eie
710 4054 880 4122 frequentiae
901 4054 1007 4109 eratin
1028 4056 1205 4123 antiquitate,
1225 4073 1320 4124 quom·

151 4166 228 4215 qnam
255 4144 326 4200 nibil
350 4146 391 4199 eie
415 4145 616 4214 contemptius:
641 4146 814 4199 ‘latrantium
843 4144 1027 4213 praedonem'
1053 4162 1108 4198 una
1134 4164 1195 4197 eum
1220 4146 1320 4199 sicario

151 4234 341 4291 manticulario
366 4233 504 4303 ›aerilego
529 4239 689 4303 corruptore
718 4234 844 4288 nominat
863 4231 1051 4287 'l'ertnlliauua
1071 4233 1182 4301 apolog.
1202 4239 1248 4300 44,
1273 4234 1319 4287 abi

151 4325 367 4394 linere-ampitio
386 4322 494 4392 largam
516 4325 661 4377 numeriam
681 4324 792 4390 attulit,
812 4324 846 4375 oi.
867 4329 896 4377 et
915 4321 1077 4375 PVieloriuo
1098 4339 1154 4374 aar.
1175 4323 1250 4377 lectt.
1270 4323 1318 4375 Vll

154 4421 180 4468 lt
200 4419 230 4470 et
251 4413 418 4468 Wonwerue
437 4414 470 4467 acl
487 4412 597 4467 Pelion.
614 4420 647 4466 30
667 4417 695 4469 ei
710 4413 847 4469 Beckerue
868 4412 932 4467 libri
949 4411 1068 4467 ‘Gallus’
1087 4412 1095 4463 l
1112 4429 1136 4480 p.
1157 4416 1204 4463 138
1220 4431 1258 4481 sq.
1277 4413 1320 4476 ll.;
