2940 4912
624 287 752 343 LXVIIIb
772 295 847 343 1-4.
1253 290 1317 353 503

146 449 182 503 ad
201 449 275 503 idern
294 449 398 515 redire,
424 448 448 501 si
467 448 601 502 LXVIII·
619 449 821 518 praefationem
841 449 984 502 continere
1011 449 1111 502 statuis
1133 450 1175 514 (ut
1192 449 1319 505 fecemnt

146 535 285 607 nonnulli)
309 537 345 592 ad
365 536 508 605 LXVIllb,
532 542 563 592 ut
586 537 718 592 similiter
741 536 815 591 LXV
839 539 874 590 ad
899 536 1002 601 aava
1024 554 1089 590 nam
1113 539 1186 591 siout
1207 543 1317 593 ceterae

146 623 328 681 difficultates
355 629 513 694 remanent,
541 626 582 681 Ita
611 627 695 681 habes
724 625 752 680 in
777 624 906 680 LllVlllb
933 626 1100 695 praestitum
1127 625 1155 679 id
1184 626 1259 694 quod
1287 628 1317 681 in

144 712 273 767 nxvffl·
290 716 425 784 negatum
444 720 488 769 est
506 716 642 785 praestari
661 733 755 784 posse,
775 717 805 769 et
822 717 969 784 praeterea
989 715 1142 769 consolatIo
1162 715 1254 770 subito
1274 719 1317 771 est

145 804 255 857 mutata
272 803 302 858 in
319 805 473 873 gratiarnm
492 803 641 859 actionem.
679 805 800 872 denique
819 821 864 857 nu.
879 802 1008 857 LXVIII·
1026 809 1131 857 20-24
1149 802 1252 858 iterum
1271 820 1315 858 oc-

144 896 260 947 currunt
282 893 310 946 in
329 889 458 947 LIIVIIIb
476 898 594 959 53-563
619 893 697 947 cuius
720 892 898 961 repetitionis
921 893 1000 947 nulla
1023 909 1073 946 nec
1097 891 1170 945 ratio
1192 909 1244 946 nec
1268 892 1315 947 de·

144 981 233 1036 lensio
251 981 341 1035 estin
360 998 415 1036 uno
434 982 589 1050 eodemque
609 980 734 1036 carmine
752 984 836 1050 (quas
860 997 945 1035 cauea
964 980 1093 1035 Ramlero
1111 980 1168 1034 iam
1188 980 1314 1036 sufficere

144 1070 292 1125 uidebatur
310 1070 346 1124 ad
365 1069 570 1138 diuidendum),
589 1070 726 1124 facillima
750 1073 792 1124 est
812 1069 975 1138 explicatio,
1000 1068 1023 1122 si
1048 1069 1215 1136 particulam
1234 1069 1312 1123 illam

143 1159 258 1213 fauente
272 1156 404 1227 Apolline
423 1159 607 1227 compositam
627 1159 656 1213 in
676 1175 777 1226 poema
795 1159 900 1213 iustum
919 1156 1119 1227 transsumpnit
1137 1156 1261 1211 Catullus
1281 1176 1314 1213 ex

144 1246 267 1316 epistula
289 1247 397 1301 nullum
421 1247 553 1302 lectorem
577 1249 689 1317 praeter
714 1266 800 1301 unum
824 1245 940 1301 Malium
964 1250 1007 1315 (ut
1029 1248 1104 1300 certe
1127 1247 1249 1315 putauit)
1273 1248 1313 1300 in-

142 1336 267 1390 uentnra.
288 1365 321 1375 -
340 1336 410 1391 haee
429 1336 531 1405 quibus
550 1336 675 1390 nondum
694 1335 838 1390 sufficiunt
855 1336 892 1389 ad
910 1352 968 1390 rem
983 1334 1166 1404 prudentibus
1186 1335 1313 1390 omnibus

143 1425 269 1493 apertam
288 1424 520 1495 intellegendam,
540 1429 660 1494 pergant
683 1423 737 1478 frui
761 1425 801 1479 eis
825 1442 894 1493 quas
919 1424 955 1478 ad
974 1424 1155 1478 difficultates
1174 1422 1314 1479 indicatas

143 1512 326 1567 remouendas
345 1513 491 1583 proferunt
508 1513 634 1583 ineptiis;
654 1529 718 1568 nam
738 1514 813 1582 quod
833 1512 915 1579 mihi,
935 1515 983 1582 qni
1002 1514 1068 1568 olim
1084 1514 1209 1567 dixeram
1225 1512 1311 1567 omni-

143 1602 194 1654 bus
213 1600 394 1670 elegantioris
413 1601 509 1656 iudicii
528 1600 688 1656 hominibus
708 1602 838 1656 carminis
853 1600 965 1655 LXVIII
984 1602 1120 1655 unitatem
1140 1599 1312 1655 indiuiduam

143 1689 232 1743 uisum
251 1688 286 1743 iri
305 1690 522 1759 inprobabilem,
547 1707 709 1759 responsum
733 1694 777 1744 est
795 1690 866 1743 hane
886 1690 1054 1757 elegantiam
1074 1705 1132 1744 esse
1151 1689 1265 1759 inperit'

31 1802 44 1819 ο
143 1776 284 1831 indoctam
304 1778 451 1846 (Fleckeis.
467 1796 530 1836 ann.
546 1785 615 1834 1880
634 1797 660 1848 p.
676 1782 752 1846 472):
772 1779 848 1833 malo
863 1777 989 1846 equidem
1011 1778 1072 1830 istis
1091 1778 1203 1846 quidem
1223 1778 1312 1847 philo-

144 1865 214 1935 logis
231 1864 361 1921 indoctus
379 1884 440 1923 esse
455 1884 538 1935 quam
553 1868 711 1922 hominibus
728 1867 905 1936 elegantibus
920 1866 992 1921 bono
1008 1883 1088 1920 sensu
1104 1882 1199 1920 carcre
1212 1866 1311 1922 uideri.

640 2009 812 2078 nxvmb.

213 2131 242 2202 1,
261 2129 290 2185 1.
313 2131 375 2187 llon
396 2146 516 2201 possum
536 2133 683 2202 reticere,
707 2133 795 2204 deae,
820 2148 879 2200 qua
897 2148 943 2187 me
966 2132 1062 2187 Illius
1080 2133 1112 2186 ln
1132 2147 1166 2187 re
1185 2132 1310 2189 Inuerlt.

143 2221 279 2289 ‘possum’
306 2219 427 2274 fortiter:
454 2239 509 2275 non
534 2238 647 2290 possum
670 2240 688 2276 a
711 2239 754 2277 me
777 2223 918 2291 inpetrare
942 2224 973 2275 61
996 2220 1129 2275 reticeam
1149 2220 1236 2288 (LXII
1255 2222 1310 2290 21).

143 2310 232 2364 ‘deas'
250 2309 312 2378 ipsa
325 2309 354 2363 in
368 2309 449 2363 initio
465 2310 597 2364 carminis
612 2311 753 2365 inuocatio
769 2310 912 2364 sollemnis
927 2310 1019 2378 aperit
1032 2327 1093 2363 esse
1107 2309 1310 2379 intellegendas

143 2398 246 2452 Musas:
267 2389 350 2466 Verg.
369 2399 429 2452 Aen
459 2398 508 2452 Vll
529 2405 593 2467 641,
615 2400 685 2454 Stat.
701 2400 788 2453 Theb.
804 2398 816 2451 l
835 2406 858 2453 3.
891 2400 918 2452 in
939 2398 1058 2454 Vertat
1078 2399 1171 2468 ‘quam
1191 2396 1310 2465 Iallius’,

141 2486 213 2540 unde
232 2486 359 2555 Scaliger
373 2488 504 2542 restituto
526 2489 688 2556 pronomine
709 2488 866 2542 necessario
885 2489 953 2542 fecit
967 2488 1034 2556 ‘qna
1053 2505 1097 2541 me
1112 2487 1227 2541 Allius':
1246 2504 1310 2542 con·

140 2577 218 2630 sueto
243 2575 312 2629 uitio
333 2575 537 2630 6161161111.
576 2577 676 2630 ceteris
699 2578 772 2630 enim
799 2577 866 2631 locis
891 2576 1018 2630 omnibus
1038 2576 1074 2642 is,
1098 2574 1135 2628 ad
1153 2593 1235 2643 quem
1256 2576 1309 2630 hoc

139 2681 250 2717 carmen
271 2665 366 2717 datum
387 2666 441 2730 est,
460 2664 541 2719 audit
559 2665 649 2718 Allius
671 2668 707 2733 (u.
727 2672 767 2730 10,
787 2671 830 2731 26,
852 2668 920 2731 110).
954 2663 988 2719 de
1008 2682 1063 2732 quo
1082 2665 1141 2717 uiro
1160 2665 1220 2733 ipso
1238 2664 1309 2719 nihil

139 2752 254 2817 scimus,
278 2768 448 2820 quamquam
472 2770 541 2821 gens
566 2751 641 2806 Allia
665 2751 739 2806 haud
763 2752 806 2806 ita
829 2753 928 2821 ignota
951 2754 994 2806 est
1017 2754 1060 2819 (61.
1087 2752 1185 2822 Pauly,
1205 2754 1310 2822 encyol.

138 2840 204 2895 real.
226 2841 237 2893 l
262 2859 288 2909 p.
309 2842 378 2908 781).
418 2841 497 2909 ‘qua'
523 2859 584 2895 cnm
610 2840 639 2894 ui
663 2841 795 2911 quadarn,
820 2859 903 2909 quam
927 2841 1006 2910 graui
1030 2843 1058 2895 in
1081 2860 1123 2907 re;
1148 2860 1221 2912 quae
1245 2861 1309 2899 mox

138 2933 291 2983 enarratur.
308 2961 340 2968 -
355 2929 384 2984 2.
401 2932 453 2984 ant
467 2930 589 2998 quantls
604 2930 718 2985 querlt
732 2931 856 2986 eillolis.
884 2930 1034 3000 repetitum
1049 2931 1165 2985 uerbum
1181 2933 1306 2988 ‘iuuerit’

138 3017 247 3085 auxilii,
266 3019 341 3086 quod
360 3021 450 3072 totum
471 3019 523 3072 hoc
543 3018 732 3087 prohoemium
753 3019 876 3073 celebrat
890 3019 936 3087 (61.
952 3038 977 3073 u.
993 3022 1047 3086 26),
1067 3019 1209 3076 notionem
1228 3025 1308 3079 effert

137 3106 326 3176 intenditque,
353 3106 435 3175 plane
459 3109 490 3161 ut
514 3124 556 3160 ex.
575 3125 616 3176 gr.
641 3107 715 3176 apud
734 3106 816 3177 Verg.
841 3109 891 3162 ecl.
912 3116 942 3173 4,
961 3115 994 3161 24
1010 3125 1063 3177 sq,
1090 3112 1156 3163 Aen.
1181 3109 1232 3163 XII
1255 3119 1307 3168 698

138 3195 187 3265 (XI
206 3201 283 3263 463),
303 3197 368 3250 llor.
385 3198 427 3252 od.
443 3196 507 3265 118,
526 3204 557 3251 17
573 3215 613 3265 sq.
632 3197 668 3264 (ll
686 3203 726 3264 16,
746 3203 780 3251 24
795 3202 861 3266 sq),
882 3197 1015 3266 Lygdum.
1032 3204 1056 3264 2,
1073 3203 1114 3264 17,
1134 3200 1203 3254 Stat.
1220 3203 1306 3257 Theb.

137 3283 174 3338 IX
195 3289 301 3352 10166.
339 3285 422 3350 ‘aut’,
441 3285 514 3354 quod
535 3286 624 3340 multo
644 3285 766 3340 ualidius
785 3304 869 3354 quarn
890 3286 941 3339 ‘et‘
960 3285 1121 3355 distinguit,
1141 3289 1244 3343 indicio
1264 3294 1308 3344 est

139 3372 273 3441 ‘quantis’
299 3391 353 3426 non
378 3379 436 3428 tam
460 3392 520 3428 esse
545 3374 640 3443 ‘quam
664 3373 784 3444 magnis'
806 3374 891 3445 (quod
917 3376 970 3427 iam
992 3374 1041 3427 illo
1062 3376 1128 3444 ‘qua
1152 3376 1180 3430 in
1199 3379 1240 3432 re'
1261 3380 1306 3434 de-

137 3463 278 3531 signatur)
307 3479 389 3531 quarn
414 3463 508 3533 potius
533 3464 634 3531 ‘quot’
662 3463 708 3533 (61.
736 3467 809 3530 110),
834 3468 865 3516 61
888 3481 929 3517 ex.
948 3483 988 3532 gr.
1014 3465 1087 3532 apud
1113 3465 1191 3518 Luer.
1218 3467 1238 3516 V
1264 3475 1306 3521 45,

138 3552 270 3619 ‘officiis',
294 3552 381 3606 studii
405 3553 602 3621 amicitiaeque
626 3551 800 3606 documentis
824 3568 857 3605 ac
882 3569 969 3619 pauno
995 3552 1146 3617 beneficiis,
1172 3554 1203 3606 ut
1222 3554 1304 3610 Ouid.

136 3641 215 3710 epist,
236 3647 322 3708 ’1,89.
344 3673 372 3679 —
400 3641 429 3696 6.
449 3656 504 3697 666
524 3641 643 3707 lugiens
667 3640 776 3695 saeclis
800 3639 1051 3694 obllulscentlbus
1075 3642 1168 3695 aetas.
1206 3643 1306 3710 quibus

136 3731 217 3784 rebus
240 3747 374 3784 annorum
399 3730 483 3783 series
510 3731 538 3783 et
560 3731 628 3800 luga
650 3731 807 3798 temporum
828 3728 905 3796 (Hor.
925 3727 969 3781 od.
990 3727 1026 3780 III
1047 3735 1094 3794 30,
1114 3733 1141 3795 6)
1160 3731 1305 3786 oblittera·

135 3818 239 3874 tionum
255 3818 358 3885 adfert,
375 3818 415 3872 cis
430 3836 542 3873 carmen
557 3820 607 3872 dat
622 3817 836 3887 perpetuitatem
853 3819 1013 3870 duraturam
1029 3818 1075 3885 (ib.
1088 3818 1124 3869 IV
1135 3823 1160 3884 8,
1177 3826 1208 3872 13
1219 3824 1304 3889 sqq.);

135 3911 201 3963 noto
220 3910 365 3976 poetarum
390 3925 441 3962 usu
465 3909 576 3961 saecula
595 3907 725 3960 dicuntur
743 3907 834 3960 iacere
854 3923 887 3959 ca
905 3922 977 3973 quac
995 3905 1025 3959 in
1043 3905 1112 3975 ipsis
1131 3908 1212 3972 fiunt;
1233 3908 1304 3964 Stat.

136 3994 267 4050 Thebll
291 4001 341 4050 446
366 4012 492 4051 61666166
514 3996 679 4064 superabitis
702 4013 797 4049 66666.
837 3993 910 4047 ‘nec’
936 3994 965 4047 in
990 3994 1047 4046 ‘ne’
1073 3992 1137 4047 Itali
1161 3999 1306 4051 mutarunt

135 4102 217 4139 sensu
241 4085 298 4138 ueri
322 4082 492 4150 rectissim03
516 4100 567 4137 nec
590 4084 664 4137 enim
688 4084 733 4136 hic
757 4083 813 4137 iam
837 4084 936 4151 poetae
956 4083 1051 4136 notum
1072 4082 1156 4150 (quod
1177 4083 1304 4151 sequitur

135 4192 160 4228 u.
181 4178 284 4242 6sqq.)
308 4171 505 4241 proferendum
530 4174 602 4240 orat,
626 4172 674 4224 scil
698 4173 790 4241 potius
810 4171 1023 4236 stabiliendum,
1049 4188 1097 4224 cur
1119 4169 1168 4225 ille
1188 4170 1304 4227 reticere

135 4263 256 4332 nequeat
278 4262 371 4331 (plane
395 4265 426 4315 ut
452 4267 524 4329 111),
553 4260 638 4315 Italos
665 4260 752 4328 igitur
778 4263 889 4313 secutus
914 4276 963 4329 pro
988 4260 1061 4313 ‘nee'
1090 4263 1213 4314 ueterem
1238 4277 1303 4314 con·

134 4350 283 4406 iunctienis
309 4351 374 4405 ‘ne’
403 4350 520 4405 formam
548 4350 624 4404 ‘nei'
650 4350 761 4404 restitui
786 4356 882 4419 (supra
905 4367 930 4418 p.
952 4349 1005 4415 61).
1028 4380 1056 4388 -
1083 4347 1113 4403 4.
1136 4349 1193 4405 hee
1215 4364 1304 4406 taeta
