2940 4912
99 360 103 364 ,
143 293 209 356 374
653 293 740 348 LXIV
759 299 802 349 37.

146 459 214 510 1880
232 473 260 524 p.
280 456 325 522 41)
344 454 452 524 hasque
470 455 560 510 ualles
578 455 625 523 (de
643 454 744 524 quibus
763 454 797 510 ci.
817 454 913 510 Liuius
931 453 1035 509 XXXII
1049 459 1075 522 4,
1094 454 1178 522 aeq.)
1193 451 1321 510 dicemus

146 542 218 599 nihil
242 542 318 598 aliud
343 543 396 598 eibi
422 543 495 598 uelle
515 561 598 613 qnam
617 543 789 598 Phthiotidis
808 543 1093 614 circumscriptionem
1112 541 1235 597 similem
1253 543 1322 611 eins,

144 649 228 701 quam
248 651 273 688 a.
293 649 412 701 sequens
437 632 563 700 exhibet,
589 633 637 687 nbi
660 635 896 687 commemoratae
921 634 1005 687 urbes
1025 632 1152 687 Crannon
1176 633 1206 686 et
1223 630 1323 688 Larisa

144 720 195 789 (sic
220 724 313 775 antem
342 722 445 777 rectius
471 739 555 790 quam
581 739 631 791 per
656 721 799 791 geminam
825 722 868 776 ‘s‘’
896 722 1036 791 scribitur)
1064 721 1100 776 ad
1125 737 1188 776 eam
1211 723 1321 790 partem

145 810 307 866 Thessaliae
326 810 482 880 pertinent,
501 827 572 879 quae
591 808 756 879 Pelasgiotis
775 813 905 878 uocatur,
924 811 1031 866 utiam
1049 810 1138 865 tribus
1156 809 1321 880 regionibus

144 899 301 969 praecipuis
320 899 526 955 Thessaliotide
546 898 708 954 Phthiotide
727 898 933 969 Pelasgiotide,
957 900 1031 955 inter
1054 917 1123 968 quse
1146 899 1242 955 media
1260 903 1323 956 erat

145 987 308 1057 Pharsalus,
327 992 402 1043 recte
421 989 512 1042 totum
526 987 604 1043 Pelei
623 1005 737 1058 regnum
758 989 909 1058 conplexus
928 989 1076 1058 aitpoeta.
1097 1021 1131 1030 -
1155 989 1203 1044 87.
1224 989 1322 1046 Plrar·

145 1078 241 1132 salurn
266 1078 392 1146 coeunt,
411 1077 573 1132 Pharsalia
595 1078 677 1134 tecta
702 1076 910 1145 frequentant.
948 1078 1013 1133 uide
1037 1078 1141 1133 bellam
1165 1094 1215 1149 per
1239 1096 1319 1150 asyn

146 1166 231 1221 deton
249 1166 324 1237 quod
343 1170 448 1222 uocant
466 1167 666 1236 explicetinum
686 1165 903 1236 oppositionem:
922 1166 1044 1236 undique
1064 1167 1144 1222 sedes
1159 1184 1224 1222 suas
1239 1169 1322 1225 relin-

146 1256 249 1321 quunt,
269 1254 374 1324 qnippe
392 1256 493 1324 quibus
518 1273 663 1310 commune
687 1255 796 1311 itineris
819 1257 994 1326 propositum
1018 1257 1104 1312 luerit
1125 1274 1182 1312 nna
1204 1258 1322 1328 solaque

145 1341 294 1397 Pharsalus
314 1344 378 1411 (hoc
401 1344 476 1399 enim
499 1343 574 1398 inest
595 1343 716 1398 nominis
740 1344 922 1414 repetitioni).
959 1344 1068 1399 recedit
1086 1348 1181 1400 autem
1199 1348 1323 1417 poetas

145 1432 256 1500 uulgari
275 1432 386 1487 fabulae
405 1434 510 1501 forma,
529 1431 683 1487 secundum
703 1449 788 1501 quarn
806 1433 836 1487 in
849 1432 928 1487 Pelio
943 1437 1039 1489 monte
1053 1433 1146 1489 locum
1161 1435 1323 1492 habuerunt

146 1521 274 1591 nuptiae;
294 1538 384 1590 neque
402 1524 497 1576 tamen
516 1521 631 1576 dubium
650 1523 695 1575 est
718 1522 785 1591 quin
806 1522 932 1577 Catullus
951 1540 985 1576 ex
1002 1522 1154 1579 reconditis
1173 1525 1322 1596 locupleti·

148 1610 255 1678 busque
274 1609 525 1665 Alexandrinorum
549 1610 675 1667 fontibus
699 1611 830 1666 hauriens
851 1612 1013 1667 Pharsalum
1040 1612 1139 1668 iecerit
1160 1615 1321 1683 nuptiarum

147 1698 239 1752 locum
260 1696 350 1769 (cuius
372 1699 412 1753 rei
435 1700 587 1769 uestigium
612 1700 698 1754 habes
721 1699 752 1753 in
770 1699 864 1769 Enrip.
885 1701 1016 1756 Androm.
1039 1709 1070 1755 18
1084 1718 1158 1771 sqq,
1177 1703 1265 1760 schol.
1286 1705 1323 1760 ad

147 1786 260 1842 Pindari
274 1787 354 1842 Nem.
370 1788 407 1843 lV
425 1791 485 1858 81);
504 1793 536 1844 ut
553 1794 583 1845 et
600 1790 630 1844 in
649 1789 762 1855 ceteris,
782 1806 854 1858 quae
873 1789 908 1843 ad
929 1789 1006 1845 Pelei
1024 1790 1171 1846 historiam
1190 1793 1322 1864 attinent,

148 1893 204 1931 non
221 1877 362 1931 triuialem
381 1877 430 1932 ille
448 1877 614 1948 sapientiam
630 1878 763 1948 seqnitur.
792 1879 948 1948 recepimus
963 1877 1082 1935 Pontani
1096 1881 1324 1939 emendationem

150 1966 347 2020 ‘Pharsalum'
368 1985 418 2037 pro
436 1967 543 2022 tradito
563 1968 760 2036 ‘Farsaliam’,
779 1968 854 2036 quod
879 1971 923 2022 est
945 1971 1037 2023 ortum
1064 1986 1098 2024 ex
1116 1970 1323 2029 adsimilatione

148 2055 184 2109 ad
207 2071 304 2110 uocem
329 2056 546 2134 subsequentem
570 2057 695 2112 eandem.
733 2059 792 2110 tam
816 2059 946 2111 constans
970 2057 1046 2113 enim
1070 2061 1115 2114 est
1133 2059 1320 2118 ‘Pharsalus’

149 2161 280 2199 mensura
298 2149 393 2213 (quam
413 2145 467 2200 loci
490 2145 547 2200 alio
564 2146 677 2201 nomine
702 2145 824 2214 suspecti
843 2144 1045 2216 deprauatiqae
1065 2164 1120 2203 non
1138 2149 1323 2222 redarguunt)

148 2235 275 2303 adeoque
294 2253 349 2289 non
363 2235 485 2304 regionis
500 2234 548 2290 sed
564 2235 639 2291 urbis
652 2252 755 2289 nomen
770 2234 947 2290 desideratur
962 2238 1125 2306 (numquam
1140 2256 1207 2294 nero
1223 2240 1322 2296 ‘Phar-

149 2325 230 2379 salia’
256 2325 332 2394 apud
355 2341 471 2395 graecos
494 2325 633 2379 latinosue
657 2326 806 2395 scriptores
830 2325 928 2379 urbem
952 2324 1107 2395 designat),
1132 2331 1165 2382 ut
1187 2329 1322 2384 friuolam

149 2413 187 2469 sit
204 2415 317 2483 apertas
335 2413 412 2469 illias
431 2414 635 2470 emendationis
659 2415 807 2470 ueritatem
831 2414 905 2469 nelle
924 2415 1073 2470 obscurare
1098 2417 1242 2472 accersitis
1265 2420 1322 2474 dis·

149 2502 313 2569 simillimis3
334 2502 368 2558 cf.
389 2506 417 2559 et
436 2503 575 2574 Hauptius
594 2521 688 2574 opusc.
708 2504 720 2557 1
741 2522 766 2574 p.
789 2509 853 2569 140,
878 2504 990 2558 Lachm.
1011 2505 1047 2559 sd
1066 2503 1145 2559 Lacr.
1165 2525 1191 2576 p.
1208 2513 1268 2562 lea.
1288 2541 1322 2549 -

150 2592 260 2662 longius
279 2592 405 2647 Catullus
424 2592 496 2648 mori
514 2593 594 2662 epico
613 2592 761 2662 indulgens
780 2595 969 2647 commoratur
986 2593 1016 2646 in
1034 2593 1205 2649 desertorum
1226 2596 1262 2650 ab
1281 2596 1323 2652 in·

151 2683 219 2737 colis
244 2683 368 2737 locorum
394 2682 531 2751 imagine,
558 2683 611 2737 hac
636 2682 698 2751 ipsa
724 2681 944 2737 commoratione
970 2681 1114 2738 meliorem
1140 2683 1194 2739 eibi
1219 2703 1324 2755 parans

150 2772 301 2826 transitum
324 2772 359 2826 ad
383 2786 446 2826 eam
470 2788 540 2839 quae
565 2789 599 2824 ex
623 2769 764 2826 contrario
794 2771 906 2841 ponitur
931 2773 1037 2843 regiam
1061 2771 1253 2829 Pharsalicam
1277 2777 1322 2832 dc·

151 2862 334 2916 scribendam.
368 2877 457 2929 neque
477 2864 571 2915 tamen
591 2860 695 2915 lentius
714 2864 826 2915 euntem
845 2863 958 2931 postam
977 2861 1049 2931 passi
1069 2864 1136 2916 sunt
1154 2864 1240 2918 medii
1259 2867 1324 2922 aeui

152 2952 272 3018 scribae,
298 2967 395 3004 uersus
420 2949 529 3019 aliquot
556 2949 640 3004 celeri
666 2949 737 3019 pede
763 2948 955 3004 transilientes
981 2950 1109 3019 (errando
1136 2952 1266 3008 nimirum
1293 2955 1323 3012 iu

152 3040 257 3094 eisdem
277 3038 388 3108 initiis);
413 3039 461 3108 qui
480 3056 576 3093 uersus
595 3040 624 3093 in
643 3038 768 3108 margine
793 3039 938 3109 archetypi
962 3039 1052 3094 additi
1075 3040 1202 3111 falsoque
1221 3043 1323 3101 deinde

151 3130 179 3183 in
199 3130 306 3183 textam
326 3128 450 3181 restituti
471 3128 568 3182 turbas
591 3145 724 3197 peperere
749 3128 824 3183 baud
848 3144 958 3197 paruas.
996 3145 1059 3182 narn
1083 3129 1112 3184 in
1136 3131 1190 3186 hoc
1214 3133 1323 3192 libriv

153 3218 249 3272 ordine
273 3224 306 3272 88
327 3217 419 3271 ‘Rura
442 3216 524 3272 colit’
546 3248 579 3257 -
599 3222 634 3271 89
653 3217 732 3271 ‘Non
757 3217 886 3272 humilis’
910 3248 940 3257 -
965 3224 1000 3272 40
1021 3217 1100 3273 ‘Non
1123 3219 1269 3290 glaebam'
1290 3256 1325 3266 -

153 3314 185 3362 41
207 3308 287 3361 ‘Non
305 3307 379 3360 ialx’
403 3336 435 3346 -
454 3312 488 3360 42
509 3305 660 3376 ‘squalida
683 3307 817 3361 desertis’
843 3305 949 3361 nullum
977 3307 1060 3376 plane
1080 3307 1170 3364 inesse
1190 3311 1326 3381 ordinem,

153 3397 203 3452 sed
227 3414 261 3451 ea
283 3413 354 3465 qnae
378 3395 413 3450 de
437 3395 565 3450 aratione
590 3395 666 3450 dicta
689 3394 845 3451 necessario
869 3396 1020 3451 cohaerent
1043 3415 1103 3453 esse
1129 3399 1245 3457 discissa
1264 3403 1325 3459 siue

153 3488 212 3541 arte
239 3485 299 3540 ulla
324 3485 369 3539 uel
398 3484 529 3553 consilio,
557 3486 621 3541 inde
650 3503 668 3539 a
692 3483 832 3540 Martialis
860 3487 1080 3541 commentatore
1106 3489 1262 3547 Rammsio
1291 3493 1326 3548 de

154 3577 237 3631 Prato
256 3579 455 3645 perspexerunt
475 3574 550 3627 docti
570 3574 741 3643 complures;
765 3590 799 3627 ex
822 3573 923 3641 quibus
942 3574 1089 3631 Ramlerns
1108 3578 1138 3631 et
1155 3578 1326 3635 Bitschelius

153 3669 217 3735 post
242 3665 361 3719 aliorum
385 3663 533 3719 conamina
555 3663 679 3717 infelicia
702 3679 737 3717 ea
759 3678 831 3731 quae
855 3662 926 3718 duce
951 3666 1096 3735 anaphora
1121 3669 1327 3738 coniunguntur

154 3771 208 3808 non
226 3751 393 3808 diuellentes
412 3772 438 3810 u.
458 3758 493 3806 40
516 3757 580 3822 post
597 3759 631 3806 41
651 3753 834 3820 traiecerunt,
854 3757 961 3808 rectnrn
980 3754 1092 3824 quidem
1113 3756 1154 3811 sic
1172 3758 1326 3814 efficientes

154 3858 345 3913 progressum,
371 3860 454 3911 quern
479 3841 625 3897 confirmat
648 3842 826 3910 aliquatenus
851 3842 969 3914 Vergilii
994 3846 1137 3915 paululum
1161 3849 1326 3905 inmutantis

154 3932 277 3987 imitatio
307 3932 370 4003 [ecl.
395 3936 424 3999 4,
449 3932 495 4002 40]
525 3948 581 3986 non
607 3937 711 3986 rastros
737 3933 860 4000 patietur
886 3934 997 4001 humus,
1025 3952 1081 3990 aon
1108 3937 1192 3992 uinea
1219 3939 1327 4005 sulcem,

153 4025 280 4077 robustus
298 4038 403 4091 quoque
421 4022 477 4075 ium
497 4022 586 4075 muris
604 4021 672 4090 iuga
689 4021 774 4075 soleret
794 4027 896 4077 arator.
933 4026 965 4077 at
982 4022 1074 4078 eidem
1093 4040 1119 4078 u.
1139 4030 1173 4079 88
1193 4041 1243 4078 suo
1263 4027 1326 4083 loco

154 4112 345 4181 relinquentes
363 4127 418 4165 non
442 4109 587 4164 uoluerunt
610 4125 720 4163 omnem
748 4109 952 4167 difficultatem.
990 4110 1093 4165 absone
1112 4113 1187 4165 enim
1205 4114 1326 4183 agricul-

155 4205 234 4255 turae
254 4201 311 4268 bis,
334 4219 389 4255 non
409 4216 463 4254 uno
487 4202 596 4266 tenore,
620 4200 651 4253 fit
674 4199 787 4255 mentio.
826 4200 897 4255 unde
923 4201 976 4256 boc
994 4199 1089 4269 potins
1113 4198 1210 4255 ordine
1229 4220 1326 4260 uorsus

156 4310 215 4346 esse
235 4291 361 4361 excipere
380 4290 470 4346 uolui:
490 4297 533 4358 ³9,
552 4297 596 4356 41,
615 4295 659 4358 40,
679 4294 721 4356 38,
741 4296 784 4356 42,
804 4290 836 4342 ut
854 4306 871 4344 a
886 4288 1030 4343 uinearum
1045 4291 1074 4342 et
1087 4287 1232 4343 hortorum
1247 4293 1325 4347 cultu

156 4382 316 4434 transeatur
340 4381 374 4435 ad
395 4397 490 4449 agros,
514 4396 631 4447 quorum
656 4377 834 4434 colendorum
859 4376 981 4431 studium
1005 4375 1200 4446 grauissimum
1224 4396 1326 4436 nouam
