2940 4912
562 1151 930 1226 PROLEGOMENA.

693 1312 799 1320 ——a

731 1406 757 1473 Ι.

230 1540 345 1599 Possin
363 1536 500 1615 lyricam
519 1537 546 1596 si
565 1554 654 1596 sensu
672 1536 780 1596 latiore
799 1537 1002 1614 intellegimus
1022 1557 1100 1613 earn,
1115 1558 1174 1615 qua
1188 1540 1339 1617 quidquid

155 1639 274 1696 mhnum
298 1638 480 1696 humanum
503 1638 672 1695 commonet
694 1635 884 1712 exprimitur,
911 1635 944 1695 in
966 1637 1056 1695 Italia
1078 1637 1139 1696 iam
1161 1637 1215 1696 illa
1241 1638 1331 1697 exsti-

155 1743 235 1807 terat,
264 1757 303 1796 ex
328 1754 395 1812 quo
419 1733 558 1793 homines
585 1732 624 1792 ab
646 1733 741 1793 initiis
764 1734 890 1794 rudibus
918 1734 956 1792 ad
979 1736 1074 1794 uitam
1101 1735 1258 1794 cultiorem
1281 1736 1331 1794 ad-

155 1835 285 1893 scendero
324 1833 424 1908 inque
460 1829 536 1888 uicis
572 1829 658 1905 pagis
693 1831 809 1907 oppidis
841 1832 1017 1908 congregati
1049 1835 1080 1891 et
1111 1832 1229 1907 publice
1261 1832 1332 1892 deos

154 1934 297 1991 celebrare
318 1930 433 1990 diebus
448 1926 644 1988 sollemnibus
663 1931 695 1987 et
708 1928 852 2004 priuatim
866 1930 945 1989 festa
964 1949 1018 1989 sua
1031 1931 1148 2006 agitare
1162 1934 1331 2005 coeperant.

156 2032 295 2089 mittimus
321 2030 376 2088 hic
400 2029 531 2104 hymnos
550 2043 649 2084 sacros
667 2025 700 2084 in
718 2026 841 2087 deornm
859 2026 1003 2088 honorem
1021 2027 1127 2104 priscis
1147 2028 1331 2105 temporibus

155 2129 278 2187 numeris
306 2125 447 2187 horridis
475 2123 639 2197 confectos,
668 2141 787 2183 carmen
815 2125 944 2184 fratrum
972 2128 1122 2185 arualium
1150 2126 1330 2202 similiaque:

154 2227 209 2284 isla
231 2226 324 2285 nohis
351 2243 403 2283 res
428 2226 477 2282 est
499 2240 567 2281 cum
589 2221 670 2280 uitae
689 2222 827 2297 priuatae
845 2225 928 2299 poesi
951 2224 1053 2301 lyrica,
1085 2224 1206 2301 propria
1230 2228 1331 2282 autern

155 2323 295 2384 Italorum
326 2322 463 2397 indoles,
491 2319 626 2379 acumine
653 2320 763 2380 mentis
786 2321 935 2380 excellens
964 2324 995 2380 et
1021 2322 1198 2398 intellegere
1222 2324 1331 2381 acriter

155 2427 351 2498 prompteque
375 2437 468 2497 quarn
487 2418 549 2477 alte
567 2417 679 2476 sentire
698 2418 848 2494 animique
867 2419 997 2479 elatione
1016 2419 1115 2478 efferri
1134 2420 1233 2496 aptior
1250 2421 1332 2479 inde-

155 2539 205 2594 une
226 2521 266 2577 ad
291 2517 474 2577 inrisionem
498 2515 628 2576 dicacem
650 2517 790 2592 iocosque
813 2517 908 2576 salsos
930 2517 1090 2591 inclinans,
1114 2518 1205 2579 etiam
1228 2518 1259 2575 in
1283 2517 1331 2575 his

156 2619 251 2689 pr'mie
277 2614 469 2675 carminibus
492 2614 662 2690 incomptis,
686 2632 761 2691 quae
781 2614 895 2675 choreis
914 2615 945 2673 in
964 2615 1087 2674 deorum
1106 2616 1330 2674 uenerationem

156 2715 234 2772 tamis
259 2713 406 2772 solebant
435 2711 610 2786 adiungere,
640 2712 764 2770 alternis
792 2712 929 2771 uersibus
952 2713 1081 2771 inuicem
1108 2714 1254 2772 lacessere
1277 2734 1331 2789 per

157 2832 229 2869 saue
259 2812 379 2870 liberos
409 2813 440 2867 et
469 2810 629 2885 opprobria
656 2811 769 2869 rustica
797 2810 925 2869 amabat.
972 2812 1018 2869 hie
1048 2805 1263 2890 fescenninis*)
1291 2844 1327 2852 —

158 2912 192 2967 sir
219 2910 300 2968 enim
332 2908 530 2982 appellabant
555 2906 609 2965 hos
638 2908 730 2981 iocos,
753 2909 833 2984 quod
861 2927 968 2967 nomen
992 2913 1061 2983 post
1088 2910 1158 2968 solis
1182 2910 1330 2984 poematis

162 3027 370 3045 .--,,-.-,....
417 3044 421 3052 Ι

219 3100 245 3157 ²32
267 3094 418 3164 quaeritur
432 3111 553 3162 quonam
569 3096 638 3149 haec
653 3093 744 3164 prima
759 3095 884 3149 carmina
898 3095 1005 3164 scripta
1019 3096 1145 3164 putanda
1160 3096 1218 3150 sint
1230 3101 1328 3152 metro.

160 3182 235 3247 :rigo
255 3178 352 3230 solum
373 3193 484 3229 uersum
505 3173 668 3229 Saturnium
687 3191 819 3243 regnasse
838 3176 867 3228 in
886 3175 1014 3228 omnibus
1034 3193 1172 3245 peraeque
1192 3179 1329 3244 poematis

155 3268 213 3311 ests
229 3257 349 3312 Liuium
365 3255 558 3310 Andronicum
576 3255 660 3309 factis
680 3258 815 3309 statuunt.
845 3255 974 3309 indicabo
995 3273 1079 3309 unum
1098 3256 1192 3310 saltim
1211 3262 1329 3311 metrum

156 3342 269 3391 altram
297 3338 357 3390 iam
382 3340 447 3389 ante
465 3335 547 3391 illum
567 3336 700 3389 Romanis
721 3323 876 3404 cognitum,
900 3353 1000 3406 nempe
1019 3337 1230 3390 Fescenninum.
1263 3337 1329 3390 Dio-

155 3421 244 3471 :eda
271 3437 299 3485 p.
322 3422 390 3481 47⁹,
417 3422 449 3468 13
469 3415 501 3468 Κ.
526 3415 614 3468 tradit
636 3416 701 3468 laic
724 3416 880 3470 contradus
902 3422 940 3470 cst
964 3418 1166 3484 atriplimac-rus
1186 3419 1230 3470 uel
1254 3417 1328 3484 t‘ut'

156 3501 226 3551 :odd
269 3497 477 3563 Fescenninus,
506 3496 693 3564 amphicomos,
726 3513 803 3565 quem
831 3498 883 3551 alti
905 3499 1022 3551 arcticon
1050 3499 1198 3565 appellant.
1245 3496 1330 3551 miror

154 3582 292 3632 [eminam
322 3576 558 3629 animaduertisse
587 3577 720 3630 creticum
749 3581 868 3630 metrum
895 3593 951 3630 non
975 3578 1144 3631 Graecorum
1173 3577 1331 3631 imitatione

154 3664 299 3728 receptum
322 3673 385 3710 esse
406 3657 434 3709 in
452 3655 562 3710 litteras
582 3655 730 3723 Romanas,
750 3657 888 3726 siquidem
906 3658 1015 3711 creticis
1031 3659 1149 3727 scriptus
1165 3663 1208 3713 oet
1226 3663 1330 3728 aperte,

154 3741 239 3807 (quid
264 3738 362 3799 uidae,
382 3736 484 3790 nobilis
504 3736 552 3790 ille
571 3736 656 3790 cistae
672 3735 872 3791 Ficoronianao
888 3736 952 3791 clh.
968 3737 981 3788 Ι
996 3744 1029 3791 bd
1049 3739 1149 3792 titulus
1168 3739 1226 3793 siue
1246 3741 1330 3809 paulo

150 3832 209 3871 ..u-ts
231 3819 347 3871 bellum
367 3814 503 3870 Punicum
522 3816 641 3885 primum
661 3817 719 3871 siue
739 3835 772 3871 eo
791 3818 904 3871 incunte
926 3819 1081 3872 consectus:

460 3897 570 3951 Dilata
588 3897 733 3952 Mocdlnic
750 3894 837 3962 sileae*
854 3899 942 3951 dedit:

460 3977 565 4031 Nrivr'oa
583 3978 710 4033 Ploaitica
729 3981 787 4032 med
805 3975 911 4033 Bomoi
929 3981 1000 4045 fecit.

147 4063 280 4115 njmirurn
309 4060 351 4111 sic
378 4057 587 4127 pronuntiando
618 4061 651 4110 ut
680 4064 740 4112 tum
770 4059 992 4128 pronuntiabunt
1019 4060 1145 4114 homines
1173 4059 1330 4127 t‘llindju’,

149 4162 226 4197 ¹arro
250 4138 436 4204 ‘liacolnia’,
456 4136 575 4207 denique
596 4138 646 4191 ‘ai’
668 4138 816 4207 bisyllabe)
831 4140 966 4194 habemus
984 4139 1054 4193 duos
1074 4142 1253 4195 tetramctios
1273 4158 1329 4194 ore-

145 4227 213 4275 :iro-
234 4222 396 4287 legitimos.
436 4217 480 4270 his
500 4217 625 4271 uersibus
646 4214 861 4273 ‘Fescennenis'
882 4238 965 4289 quarn
984 4226 1056 4289 ‘apte
1076 4221 1113 4274 sit
1136 4226 1262 4274 ornatum
1283 4221 1330 4274 do·

145 4325 206 4357 5:215,
229 4301 377 4373 nuptiale,
398 4299 483 4368 quale
502 4302 563 4352 erat
581 4300 652 4355 cista
671 4299 729 4365 illa,
749 4300 824 4353 ultro
839 4300 964 4370 apparet.
994 4301 1041 4354 sed
1057 4301 1091 4353 de
1106 4301 1149 4354 his
1164 4301 1245 4355 rebus
1261 4302 1330 4354 alias

142 4388 263 4439 sonmo
284 4383 379 4453 plura

193 4486 335 4525 “errrore
351 4480 388 4521 ed.
406 4477 528 4519 Baehrens.
551 4479 582 4519 11.
1102 4476 1112 4518 l
