2940 4912
569 1015 713 1089 LIBER
740 1014 928 1089 PRIMUS.

699 1176 804 1184 ——-—-·

531 1274 674 1330 (tarmen
696 1228 741 1329 ad
764 1272 971 1329 cornelium.

210 1393 241 1446 1.
270 1388 360 1463 Qnol
387 1387 468 1441 dono
492 1384 626 1455 lepidum
646 1400 758 1442 nouum
783 1385 932 1442 libellum.
969 1387 1057 1440 habet
1074 1391 1124 1441 aut
1142 1389 1218 1442 certe
1237 1387 1339 1443 habere

143 1498 169 1534 te
188 1480 277 1550 tingit
298 1481 398 1548 poeta
416 1477 482 1530 ante
502 1492 532 1529 se
549 1475 681 1530 uolumen
695 1493 713 1530 a
727 1473 883 1545 bibliopola
897 1474 1013 1531 missum
1026 1476 1099 1543 tale,
1118 1477 1202 1546 quale
1220 1493 1235 1530 s
1255 1475 1340 1532 libra·

144 1568 252 1623 riorum
266 1565 413 1621 manibus
427 1563 544 1619 uixdum
558 1563 677 1635 prodiit:
690 1566 766 1634 quod
781 1563 826 1618 cui
840 1563 931 1619 amico
945 1565 1001 1619 iam
1016 1564 1128 1620 dedicet
1143 1565 1345 1636 circumspicit..

147 1656 288 1711 'nouum'
312 1653 393 1710 illud
412 1658 497 1708 uocat
520 1671 572 1708 usu
590 1652 734 1708 hominurn
753 1653 877 1709 nondum
896 1653 1007 1724 tritum,
1032 1654 1080 1708 sed
1100 1655 1179 1724 quasi
1201 1655 1340 1710 intactum

149 1747 241 1799 nitens
263 1744 482 1814 splendensque
506 1742 552 1812 (cl.
572 1762 598 1798 u
613 1746 654 1811 Ξ),
673 1741 728 1797 nisi
746 1745 873 1814 praestat
896 1743 930 1798 de
954 1743 1077 1813 ipsarum
1102 1746 1242 1800 cartarum
1266 1746 1341 1816 cogi·

152 1850 209 1891 mre
229 1836 381 1901 nouitate,
402 1833 507 1903 quippe
525 1849 596 1901 quae
616 1849 713 1887 recens
732 1831 868 1886 aduectas
887 1834 953 1886 sunt
967 1848 1000 1887 ex
1015 1832 1132 1888 officinis
1147 1835 1342 1890 Alexandrinis

154 1925 274 1978 nenium
300 1924 393 1993 longo
416 1921 471 1976 situ
495 1920 670 1990 putrefactae
694 1918 739 1989 (cl.
766 1919 836 1976 Stat.
862 1920 923 1975 silv.
948 1920 987 1974 lV
1005 1927 1030 1988 9,
1050 1926 1064 1975 7
1089 1928 1180 1977 aester
1203 1925 1339 1998 [libellas]

153 2030 317 2083 purpureus
336 2022 482 2081 nouasque
499 2015 578 2064 caria
596 2027 659 2065 cum
679 2008 809 2079 opposito
828 2028 853 2064 u.
873 2016 918 2076 ¹03
938 2010 1002 2064 uide
1021 2013 1050 2065 et
1067 2009 1147 2064 XXII
1165 2015 1205 2082 6);
1225 2014 1342 2069 fortmss

157 2114 252 2155 tamen
273 2100 365 2155 simul
383 2101 470 2156 etiam
489 2098 566 2154 aliud
590 2099 697 2169 aliquid
720 2098 901 2154 obuersatum
926 2115 986 2153 esse
1006 2097 1117 2154 Catullo
1136 2102 1264 2156 ostendit
1281 2121 1343 2157 cum

160 2192 209 2244 hoc
230 2190 377 2245 ‘nonum’
400 2187 580 2245 coniunctum
605 2187 767 2258 asyndetice
791 2186 837 2257 (cf.
857 2188 894 2242 ad
912 2187 1000 2242 XLVI
1022 2192 1064 2257 11)
1086 2189 1252 2258 ‘lepidum'.
1291 2193 1344 2247 hoc

162 2281 233 2334 enim
255 2279 422 2348 ‘lepidum'‚
441 2278 494 2333 etsi
512 2280 543 2332 et
560 2276 649 2347 ipsum
669 2279 760 2348 possit
778 2277 874 2346 aliqua
893 2280 1023 2347 exparte
1043 2277 1141 2331 referri
1160 2279 1196 2332 ad
1216 2278 1344 2335 habitum

164 2373 311 2422 externum
337 2366 492 2421 iucundum
515 2366 615 2434 (Plaut.
640 2364 738 2420 Pseud.
762 2365 775 2418 I
801 2372 828 2433 1,
849 2372 883 2419 26
912 2366 1017 2420 tabellis
1041 2367 1140 2435 lepidis
1163 2368 1255 2436 lepida
1282 2386 1344 2425 coa-

164 2461 273 2528 ariptia
282 2474 382 2523 manu,
393 2454 532 2510 LXXVIII
544 2458 578 2524 l),
593 2455 682 2509 multo
693 2453 783 2526 magis
794 2455 919 2510 internas
933 2453 1066 2524 designat
1079 2457 1211 2511 uirtutes:
1232 2458 1344 2527 plenum

167 2548 229 2601 ¹ulis
248 2552 281 2601 et
295 2544 481 2609 facetiarum
500 2545 534 2599 ci.
550 2543 589 2597 VI
605 2550 636 2598 17
652 2544 741 2613 lepido
756 2561 853 2610 acrem
873 2545 955 2599 Mart.
971 2543 1009 2598 Xl
1024 2550 1066 2612 20,
1082 2550 1098 2598 9
1117 2547 1220 2616 lepidos
1234 2549 1343 2604 libellos.

167 2636 260 2706 itaque
286 2636 426 2688 ‘nouum’
452 2636 599 2705 praeterea
622 2631 746 2688 indicare
770 2635 881 2689 uidetur
906 2633 1023 2701 librum,
1047 2636 1159 2703 qualem
1183 2639 1268 2692 antea
1289 2656 1345 2692 non

168 2726 293 2779 tulerunt
317 2723 430 2777 litterae
457 2724 576 2790 latinae,
595 2721 624 2776 in
644 2740 694 2777 suo
713 2739 815 2793 genere
834 2724 967 2794 primnnn
993 2740 1048 2792 quo
1068 2740 1150 2779 sensu
1170 2726 1255 2780 etiam
1276 2726 1346 2781 Ciris

171 2822 264 2867 rimor
294 2812 367 2866 dixit
396 2818 488 2866 u.1oo
517 2829 619 2866 aenaea
646 2813 771 2866 calcanea
794 2813 835 2880 (in
863 2830 918 2880 quo
941 2828 1015 2865 noua
1044 2813 1162 2867 materia
1190 2819 1345 2884 tractatur).

172 2903 321 2955 'ibellum'
339 2904 434 2955 autem
451 2901 546 2956 audire
560 2901 681 2970 primurn
696 2902 827 2956 uolumen
840 2905 873 2969 (c.
885 2888 1002 2969 1-in‚
1017 2903 1095 2957 cuius
1111 2922 1198 2973 ungas
1213 2905 1346 2975 ineptias-

171 3010 219 3058 ψ»,
235 2990 284 3044 bic
300 2989 386 3043 simul
402 2990 533 3059 designat
551 2989 766 3056 deminutiuum‚
788 3008 872 3059 supra
890 3009 916 3060 p.
932 2997 967 3046 68
986 2993 1089 3047 monui.
1121 2994 1215 3050 ‘douo’
1237 2995 1283 3049 hic
1303 3015 1346 3049 ex-

172 3084 309 3147 plicemus
331 3082 446 3148 oportet
465 3078 596 3133 ‘dodico’
619 3080 678 3134 sinc
700 3079 814 3134 ‘mitto'
836 3082 901 3149 (hoc
925 3081 999 3134 eninr
1023 3083 1147 3138 solemne
1171 3087 1348 3149 uocabulum,

173 3169 238 3223 lxv
260 3172 306 3225 15)
328 3167 365 3221 ob
386 3187 412 3221 u.
428 3175 456 3223 8:
477 3167 607 3222 similiter
627 3167 709 3222 Mart.
726 3168 804 3235 1112,
822 3176 835 3221 l
856 3171 936 3224 cicius
954 3171 998 3224 ais
1016 3172 1091 3238 tieri,
1113 3174 1208 3238 libelli,
1228 3178 1347 3229 inurens?

181 3259 318 3313 «abicitur
344 3264 403 3310 ud
428 3256 563 3312 Faustini
587 3261 663 3330 sapia
686 3260 717 3312 ia
739 3260 845 3312 einum:
867 3260 991 3327 sapieti);
1018 3263 1138 3315 ceterum
1161 3263 1265 3318 ‘dono'
1286 3267 1347 3333 ipso

174 3349 251 3402 nodo
274 3346 435 3417 significat,
456 3347 617 3414 nentiquam
637 3347 792 3402 deliberare
812 3345 918 3400 diutius
937 3351 1063 3417 poetam,
1082 3351 1130 3417 qni
1145 3351 1269 3420 alioquin
1284 3371 1347 3407 cou-

172 3438 328 3492 .=;nctinum
348 3435 488 3505 posuisset
503 3435 548 3504 (ci.
566 3436 600 3489 ad
618 3436 704 3490 Llllll
720 3444 773 3503 bb),
794 3437 842 3490 sed
862 3436 954 3506 potins
974 3437 1112 3493 rhetorica
1130 3442 1348 3511 interrogatione

172 3528 280 3581 derecte
300 3541 447 3594 quaerere.
487 3526 575 3594 ‘quoi’
598 3525 659 3580 ltuli
680 3525 828 3580 restituere
848 3544 880 3580 ex
901 3527 981 3594 ‘qui’
1002 3528 1031 3581 in
1052 3528 1074 3584 V
1093 3528 1209 3584 tradito:
1230 3531 1348 3586 formam

173 3620 245 3671 :lam
273 3616 362 3683 longo
387 3631 471 3684 supra
491 3615 609 3684 Augusti
633 3617 760 3684 tempora
783 3616 916 3670 usitatam
935 3617 1098 3686 saepissimo
1123 3618 1145 3687 (l
1165 3626 1194 3688 3,
1214 3619 1304 3674 XXIV
1325 3629 1349 3688 b,

172 3706 268 3759 llil‘ll
286 3711 339 3767 4'r';
359 3703 395 3757 cs.
411 3721 496 3773 supra
511 3723 538 3773 p.
554 3709 597 3772 50)
618 3705 645 3758 in
666 3705 737 3773 ‘qni'
759 3709 902 3760 mutauere
922 3706 1037 3774 librarii,
1052 3709 1154 3777 quippe
1174 3710 1221 3778 qui
1241 3729 1351 3781 semper

172 3814 218 3849 :on
241 3794 412 3849 intellectas
431 3792 541 3862 sibique
560 3793 683 3848 inritatus
702 3794 805 3849 formas
825 3794 930 3864 priscas
950 3795 1166 3865 deprauancrint
1180 3799 1237 3853 iere
1253 3801 1350 3854 eodem

172 3888 264 3949 cna-im
285 3900 363 3939 neue
386 3881 456 3950 ‘qni'
478 3882 545 3936 olim
565 3883 649 3937 dandi
671 3902 737 3937 casn
758 3884 866 3938 locutos
886 3904 945 3939 esse
961 3885 1100 3941 Romanos
1116 3890 1196 3957 putes
1212 3889 1301 3957 (‘qnoi
1318 3922 1349 3928 -

177 3996 212 4043 ,ir
234 4008 265 4015 -
289 3971 368 4040 cui’,
389 3973 421 4025 ut
440 3988 481 4024 ex.
501 3989 540 4041 gr.
562 3973 661 4041 ‘quoru
682 4004 716 4012 —
736 3991 802 4040 qum
823 4006 855 4013 —
875 3976 977 4043 cum’)‚
996 3975 1024 4030 id
1043 3977 1118 4044 qnod
1134 3982 1214 4031 eraut
1233 3978 1280 4046 qui
1299 3978 1351 4031 sibi

171 4066 391 4132 persuaderent,
422 4062 502 4115 notat
529 4064 558 4115 et
584 4062 738 4116 formarum
766 4063 938 4131 ambiguitas
967 4067 995 4117 ct
1023 4064 1158 4119 disertum
1187 4065 1350 4130 Quintiliani

182 4157 188 4207 ῐ
208 4162 231 4221 7,
254 4154 305 4226 2³7]
328 4149 541 4204 testimonium:
561 4151 595 4205 cf.
618 4152 780 4206 Buecbclcri
800 4153 834 4206 do
850 4153 950 4208 declin.
971 4156 1018 4211 lat.
1036 4155 1159 4225 [Lipsiae
1176 4160 1243 4208 1866
1263 4173 1289 4224 p.
1305 4157 1351 4227 aa]

170 4244 284 4299 niellus.
331 4244 365 4293 ut
384 4237 440 4292 hoc
459 4240 545 4294 semel
565 4240 680 4295 addam:
705 4240 832 4296 Catullus
858 4260 912 4298 non
936 4245 1029 4313 potuit
1051 4262 1106 4298 non
1126 4242 1247 4298 scribere
1266 4247 1352 4300 etiarn

169 4335 304 4391 'noriam’
330 4332 377 4393 {ut
398 4327 502 4398 ubique
523 4329 590 4384 ‘no'
612 4350 663 4401 pro
684 4332 779 4400 ‘uu')‚
805 4349 855 4384 nos
874 4350 940 4387 uero
965 4335 993 4386 in
1019 4333 1141 4388 editione
1166 4341 1262 4386 nostra
1285 4335 1353 4389 haec

169 4427 328 4493 nmiliaqdc
360 4416 404 4473 ibi
423 4419 535 4470 tantum
559 4420 745 4487 restituimus,
771 4421 817 4474 ubi
837 4425 936 4488 aperta
955 4423 1080 4476 codicum
1101 4421 1204 4476 iudicia
1223 4423 1353 4476 admonu-

1103 4510 1140 4566 b*
