2940 4912
601 335 729 390 nxxvu
748 343 825 393 4-e.
885 299 887 302 ⁵
1233 338 1299 402 555

126 497 255 552 incendio
275 515 358 552 saeuo
378 495 460 565 (iebri
480 496 616 565 ardenti),
634 501 666 550 ut
689 497 786 566 uipera
809 516 916 566 morsu,
939 499 1054 555 intimas
1072 500 1210 555 medullas
1230 500 1300 555 mibi

127 587 267 654 inficiens;
287 585 417 641 similiter
436 585 496 639 Vel.
513 586 604 642 Flacc.
622 586 632 639 l
648 592 680 641 76
700 589 759 641 sela
777 589 884 643 animes
897 594 1047 657 mentesque
1063 591 1183 658 pausis,
1200 591 1300 658 pierre.

126 706 160 715 -
179 676 209 730 4.
228 676 257 730 ei
276 676 388 730 misero
407 675 549 745 eripuisti
574 675 674 730 emula
698 678 803 731 nostre
829 675 923 731 bonel
960 694 1084 733 amorem
1104 679 1222 734 Lesbiae
1241 680 1299 735 siue

125 766 220 836 potius
240 765 370 820 Lesbiam
389 764 491 835 ipsam
511 763 693 820 absimiliter
712 764 840 819 LXVIllb
861 771 919 821 118.
948 768 1053 822 locutio
1073 767 1240 836 explicanda
1258 787 1299 823 se·

126 855 247 910 eundum
266 856 329 909 Ter.
344 855 445 910 Heant.
461 854 485 909 V
508 862 531 923 1,
551 861 584 909 69
602 874 643 909 rue
661 872 721 910 nero
739 857 832 910 emnia
852 858 924 911 benc
941 855 1047 924 (omnia
1065 875 1138 925 quae
1157 859 1299 927 possideo)

125 947 229 1000 elisisse
251 946 295 999 iili
318 948 347 999 et
370 943 487 998 Andri
512 951 541 1010 5,
562 951 594 998 (ii
620 945 692 999 bona
715 951 809 999 nemra
831 947 897 1001 iruee
921 948 1065 1016 (sororem)
1087 948 1140 1001 etti
1159 950 1300 1017 permitto:

127 1034 228 1088 Lesbia
255 1036 357 1102 poetae
380 1036 441 1088 erat
463 1034 669 1103 possessionum
697 1051 811 1088 suarum
836 1052 945 1089 summa
972 1035 1160 1104 maximaque,
1189 1053 1300 1092 omnem

124 1124 201 1178 illius
219 1123 384 1178 felicitatem
403 1123 651 1192 complectebatur.
690 1124 727 1179 ‘ei
746 1123 859 1178 misero’
881 1124 999 1179 debetur
1017 1123 1209 1181 Lachmanno:
1230 1125 1259 1179 in
1275 1126 1298 1182 V

126 1232 158 1269 ex
183 1213 265 1268 initio
288 1213 388 1282 prieris
411 1230 507 1267 uersus
527 1211 677 1282 l‘siccine’)
701 1213 779 1268 mala
801 1212 969 1283 repetitione
989 1213 1023 1267 ‘si
1047 1212 1160 1270 misero’
1187 1214 1299 1285 legitur.

126 1307 238 1374 praeter
262 1303 410 1357 formulam
436 1301 473 1356 ‘ci
496 1302 577 1356 mibi’
602 1302 651 1372 (ad
674 1302 788 1357 LXXVI
812 1305 858 1372 21)
884 1303 1041 1357 interiectio
1068 1303 1117 1358 ‘ei’
1143 1306 1172 1358 et
1194 1303 1224 1358 in
1247 1305 1301 1360 hac

126 1395 218 1448 altera
242 1394 279 1447 ‘ei
303 1393 404 1448 misero
429 1391 510 1446 mihi’
536 1392 736 1459 adhibebatur;
761 1392 796 1447 cf.
815 1388 950 1446 LXVIIIb
969 1398 1002 1446 53
1028 1393 1058 1446 et
1076 1391 1149 1447 infra
1168 1392 1201 1447 Cl
1222 1401 1246 1449 (t.
1271 1426 1299 1433 -

126 1482 156 1552 5,
175 1485 203 1538 6.
223 1482 381 1553 eripuisti,
406 1480 483 1536 eheu
501 1482 625 1536 nestrae
644 1482 768 1538 crudele
787 1496 936 1537 uenenum
960 1481 1057 1551 uitae,
1082 1482 1159 1536 clreu
1177 1485 1300 1558 nostrae

126 1572 222 1641 pestis
237 1571 401 1625 amicitiae.
420 1569 670 1638 interrogationem
681 1588 805 1625 summas
816 1571 885 1624 utin
899 1587 929 1625 rs
945 1587 1034 1640 paene
1048 1570 1207 1626 incredibili
1221 1573 1300 1626 dubi-

127 1659 243 1715 tationis
263 1661 374 1730 plenam
395 1658 521 1728 sequitur
540 1659 686 1729 responsio
706 1660 789 1728 plene
808 1659 950 1714 affirmans
969 1658 1014 1729 (ci.
1029 1659 1065 1714 ad
1085 1659 1123 1713 lX
1142 1662 1169 1728 s)
1188 1661 1300 1731 iamque

127 1752 163 1804 ob
178 1749 267 1819 ipsam
283 1748 486 1803 dubitationem
501 1749 622 1818 priorem
636 1748 841 1804 efficacissima:
864 1766 929 1803 sane
949 1749 1171 1818 eripuisti‚‘sane
1186 1750 1301 1819 uiperae

126 1840 215 1893 instar
234 1842 389 1893 uenenatas
408 1838 506 1909 egisti,
532 1838 579 1906 qui
598 1838 669 1893 eheu
688 1837 776 1892 uitam
796 1855 886 1892 meam
907 1854 1013 1892 ueneno
1032 1836 1155 1892 infecisti
1174 1839 1301 1907 (Heinius

128 1931 250 1983 nostras:
272 1929 339 1982 ‘und
359 1928 424 1983 bost
442 1928 496 1982 mir
515 1927 575 1982 Giit
593 1944 730 1997 gegossen
749 1927 792 1981 ins
812 1927 968 1982 bluehende
987 1925 1080 1980 Leben
1099 1925 1233 1996 hincin’)‚
1253 1926 1301 1996 qui

128 2020 201 2074 eheu
220 2016 372 2072 amicitiam
392 2015 535 2071 internos
555 2016 696 2085 quondam
715 2014 902 2086 pulcherrimo
920 2015 1080 2085 copulatam
1096 2015 1238 2085 pestilenti
1253 2016 1300 2071 ad-

129 2109 197 2164 flatu
216 2107 342 2161 necnisti.
379 2124 435 2175 qao
454 2106 537 2161 medo
557 2122 590 2160 eo
612 2105 724 2161 facilius
745 2106 821 2174 loqui
840 2105 920 2160 licuit
946 2108 1061 2176 poetae,
1081 2104 1156 2173 quod
1175 2108 1300 2174 metony-

127 2198 197 2251 mice
217 2192 254 2251 et'
266 2195 426 2248 ‘uenenum’
448 2192 600 2264 perniciem
619 2193 691 2262 (Liu.
707 2192 746 2246 ΙΙΙ
761 2200 794 2248 67
809 2195 949 2249 discordia
967 2195 1096 2249 ordinum
1114 2201 1152 2249 est
1167 2212 1300 2250 emersum

127 2287 213 2354 rerbis)
240 2287 270 2340 et
294 2284 403 2354 ‘pestis’
430 2283 577 2338 interitum
601 2283 668 2352 (Cic.
694 2302 720 2352 p.
746 2283 814 2338 aab.
839 2285 915 2354 perd.
941 2291 968 2352 1,
989 2291 1004 2338 2
1029 2289 1125 2339 centra
1144 2289 1245 2353 pestem
1268 2302 1302 2340 uc

123 2376 272 2445 perniciem
299 2374 423 2429 ciuitatis
451 2373 485 2426 de
513 2372 674 2428 homiuibus
701 2372 882 2442 turbulentis)
910 2370 1025 2428 indicet.
1072 2374 1145 2428 male
1174 2375 1301 2429 nonnulii

128 2461 276 2519 ‘amicitia’
292 2463 327 2517 de
342 2478 436 2517 amere
450 2461 548 2530 (XCVI
562 2464 589 2530 4)
605 2461 722 2517 Lesbiae
738 2461 918 2531 intellegunt:
933 2463 978 2516 hic
994 2461 1108 2532 quidem
1122 2467 1152 2518 et
1165 2464 1298 2518 amissum

127 2553 247 2608 amioum
268 2550 335 2606 elim
354 2567 450 2604 carum
468 2550 594 2618 queritur
617 2552 711 2620 poeta.
749 2551 871 2605 ceterum
891 2550 1001 2620 ‘pestis'
1022 2551 1101 2607 Italis
1120 2553 1251 2609 debetur:
1276 2554 1300 2610 V

129 2642 250 2712 ‘pectus’
272 2640 396 2710 praebet.
434 2637 510 2706 quod
529 2637 553 2691 si
572 2637 702 2693 lVossius
721 2657 763 2709 ep.
784 2637 864 2694 Mart.
885 2638 923 2692 lX
942 2644 971 2707 4,
991 2645 1007 2693 2
1025 2642 1098 2708 fidae
1118 2648 1214 2710 pectus
1231 2643 1300 2696 cusi·

128 2733 208 2787 citicc
227 2733 257 2785 et
275 2729 346 2784 Stat.
367 2728 428 2782 silu.
444 2726 482 2780 lV
499 2733 524 2794 4,
546 2732 595 2781 103
615 2744 699 2797 nepae
716 2730 788 2782 enim
806 2729 857 2782 tibi
875 2730 998 2783 iunctias
1015 2731 1104 2785 ulmae
1118 2738 1213 2801 peetus
1232 2734 1300 2786 ami-

127 2823 208 2877 citiae
240 2820 281 2873 ita
308 2818 446 2883 defendit,
474 2819 507 2871 ut
533 2820 583 2870 aut
610 2815 716 2872 ironice
743 2816 965 2886 intellegendum
997 2822 1048 2873 aui
1075 2821 1168 2889 petius
1198 2821 1298 2875 ‘olim’

127 2909 312 2981 supplendum
336 2909 429 2962 mente
453 2905 572 2972 diceret,
591 2908 620 2960 et
642 2906 689 2960 hic
708 2909 737 2961 et
755 2907 804 2974 qui
822 2924 886 2961 enm
910 2907 1000 2962 secuti
1024 2913 1089 2963 sunt
1108 2909 1299 2978 neglexerunt,

127 3017 177 3056 nec
200 2998 306 3053 ironiae
330 3014 390 3051 esse
413 2996 443 3049 in
466 2995 588 3050 carmine
612 2996 665 3050 hoc
688 2995 868 3051 acerbissimo
891 2997 984 3051 lecum
1008 3014 1059 3051 nec
1078 2998 1166 3052 bonos
1186 2998 1300 3066 quidem

127 3095 225 3159 poetas
255 3088 384 3142 notiones
412 3085 582 3156 principales
610 3085 754 3154 reliquisse
782 3086 934 3141 lectoribus
963 3087 1221 3157 subintellegendas
1249 3107 1301 3144 nec

128 3179 245 3247 deniquo
269 3176 386 3232 alterius
411 3176 506 3230 ‘eheu’
532 3173 572 3229 sic
596 3175 682 3230 ullam
706 3192 765 3230 esse
789 3175 939 3242 rationem;
963 3177 1038 3246 quod
1061 3177 1212 3247 repetitum
1236 3196 1299 3234 eon·

127 3269 285 3324 uenientem
309 3266 395 3336 priori
418 3266 480 3320 colo
499 3283 596 3321 uocem
616 3265 739 3335 flagitet,
763 3283 834 3335 quae
859 3270 901 3322 est
920 3268 1030 3336 ‘pestis’
1052 3267 1082 3339 (S
1102 3271 1131 3322 et
1149 3268 1169 3322 C
1189 3270 1301 3340 saepius

128 3359 279 3425 confusae).
310 3355 403 3410 ‘eheu‘
425 3355 501 3424 quod
521 3355 563 3409 bis
582 3357 695 3410 restitui
714 3356 841 3412 codicum
862 3359 960 3426 aperta
974 3356 1095 3427 uestigia
1114 3360 1233 3427 secutus,
1252 3360 1300 3414 ob·

128 3447 284 3502 screatione
303 3443 358 3500 ieci
376 3445 438 3513 illa,
458 3461 514 3513 qua
534 3445 667 3499 ‘heuheu'
689 3445 808 3500 formem
827 3447 883 3500 iam
898 3447 1095 3516 Peerlkampio
1114 3447 1150 3500 ud
1169 3447 1233 3501 Hor.
1255 3447 1299 3502 cd.

129 3536 140 3590 I
156 3543 197 3606 15,
212 3544 227 3591 9
247 3537 406 3605 suspectam
423 3533 558 3588 latinitati
574 3533 763 3603 abrogandam
779 3552 891 3600 censeo,
909 3534 1010 3604 quippe
1026 3552 1098 3604 quae
1113 3534 1199 3590 solius
1215 3536 1300 3590 medii

128 3625 190 3681 aeui
209 3627 247 3680 sit
265 3623 403 3688 inuentic;
428 3640 493 3677 nom
513 3623 628 3692 antiqua
647 3621 738 3676 forma
758 3623 852 3676 ‘eheu’
873 3622 1036 3693 saepissime
1056 3627 1187 3692 corrupta
1205 3622 1257 3691 (sic
1278 3624 1300 3680 V

128 3714 203 3770 XXX
222 3723 237 3770 6
258 3715 338 3780 eheu,
358 3712 445 3768 LXlV
464 3719 497 3767 61
516 3713 591 3781 icccc)
619 3712 713 3768 effecit
731 3715 763 3767 ut
780 3712 874 3766 medio
893 3730 963 3768 aeuo
982 3715 1088 3768 certam
1110 3713 1239 3781 regulam
1258 3731 1300 3769 se·

129 3808 244 3873 quentes
254 3804 424 3858 correctores
434 3802 538 3871 ubique
550 3801 682 3856 ‘heuheu'
695 3803 875 3871 reponerent;
890 3818 1059 3870 quamquam
1069 3820 1123 3872 quo
1134 3801 1300 3872 integriores

128 3895 205 3950 codd.
225 3891 339 3959 adsunt,
365 3909 397 3946 eo
417 3892 498 3961 plura
516 3889 649 3960 pristinae
673 3890 779 3946 formae
803 3891 925 3961 uestigia
948 3889 1180 3959 deprehendimus
1199 3891 1300 3960 adhuc,

127 3985 209 4040 modo
228 3983 269 4038 eis
287 3981 453 4052 prudentius
473 3984 583 4036 utsmm
601 3998 686 4050 quam
705 3999 746 4036 ex.
766 3999 806 4050 gr.
827 3981 955 4036 Kellerus
976 3979 1006 4034 in
1026 3981 1150 4037 Horatio.
1174 4014 1202 4022 -
1224 3985 1301 4038 cete-

127 4090 187 4126 rum
205 4071 258 4127 hoe
278 4088 403 4138 carmen,
422 4071 450 4124 in
470 4089 524 4139 quo
539 4070 665 4126 Catullus
685 4088 741 4126 non
761 4070 852 4125 solum
872 4071 1000 4126 Lesbiam
1015 4069 1051 4124 ab
1067 4071 1157 4125 amico
1173 4074 1300 4143 ereptam

128 4165 176 4215 sed
199 4160 285 4216 eiiam
309 4160 391 4215 huius
414 4161 502 4231 ipsius
526 4161 672 4230 perfidiam
696 4162 750 4216 sibi
775 4161 917 4231 cognitam
936 4160 1027 4228 dolet,
1046 4164 1104 4215 turn
1128 4161 1157 4215 in
1181 4179 1210 4217 se
1234 4179 1299 4218 con-

128 4253 297 4305 summatum
316 4254 371 4319 cst,
391 4255 422 4305 ut
441 4268 523 4306 omne
542 4250 620 4319 quod
636 4251 753 4306 accedat
770 4251 804 4306 de
824 4249 1006 4320 grauissimae
1030 4249 1212 4306 incusationis
1230 4267 1299 4320 pen·

128 4340 191 4396 dere
209 4340 318 4410 aliquid
337 4341 483 4395 detrahere
502 4339 638 4396 uideatur.
676 4359 730 4411 quo
760 4341 850 4410 magis
874 4341 1031 4395 mirandum
1050 4343 1105 4407 est,
1126 4339 1301 4409 Scaligerum

128 4436 221 4503 (quem
248 4432 360 4486 incaute
387 4431 582 4486 Lachmannus
608 4435 652 4488 est
675 4433 799 4501 secutus)
823 4434 887 4501 post
914 4437 976 4488 ue
1004 4431 1151 4486 conlocare
1180 4430 1301 4488 noluisse
