2940 4912
185 303 251 368 366
651 303 740 359 Lxlv
759 311 872 361 rs-re.

184 480 276 533 neque
294 480 325 520 os
345 464 498 519 attonitum
516 464 576 519 eius
595 464 644 533 qui
662 468 817 520 monstrum
842 465 957 534 stupeat
980 465 1109 535 designet
1126 483 1216 536 neque
1236 483 1316 536 uero,
1335 469 1360 523 si

184 554 219 607 de
236 551 359 608 naturali
377 552 448 607 faeie
474 553 644 623 cogitamus,
671 554 820 608 conueniat
838 553 978 623 Nymphis
1002 551 1060 607 illis
1080 556 1156 624 (nam
1173 555 1293 610 maseuli
1312 556 1359 611 dei

183 640 285 697 marini
303 640 374 696 nihil
393 641 429 696 ad
448 642 528 710 rem),
546 658 665 710 quarum
685 642 781 697 nultus
799 645 860 698 tem
875 645 977 712 poetae
991 658 1075 710 quam
1089 643 1159 698 artis
1177 649 1361 700 monumenta

184 747 355 802 quamquam
378 746 490 786 seueros
516 734 612 786 tamen
635 732 728 802 gratia
750 748 783 787 ac
806 732 954 787 uenustate
972 748 1028 786 non
1050 735 1177 788 carentes
1195 733 1358 802 depingant

185 819 305 876 coniecit
327 819 415 890 igitur
438 819 609 874 Schraderue
635 820 723 875 ‘freti'
751 820 797 874 uel
817 820 918 875 .‘Iero':
946 818 1017 874 illud
1040 821 1195 876 recentium
1219 821 1360 877 editorum

184 907 260 962 haud
282 909 378 978 pauci,
401 908 455 963 hoc
478 926 530 978 ego
550 909 714 978 recepimus.
753 926 818 963 nam
837 912 935 965 auetor
954 907 1084 964 Dirarum
1104 908 1200 983 [PLII.
1219 910 1246 963 II
1269 928 1296 980 p.
1312 910 1360 980 76]

184 1015 210 1051 u.
229 1001 264 1051 56
283 997 406 1052 scribens
424 1003 547 1052 monstra
564 999 716 1068 repentinis
731 998 862 1053 amatia
880 1014 961 1067 saepe
972 999 1080 1067 figaria
1097 1015 1159 1054 aem
1172 999 1262 1054 saeta
1276 1015 1360 1054 maer-

183 1101 240 1140 sere
256 1087 362 1152 farersti
380 1102 496 1155 corpora
512 1091 598 1154 poato
617 1087 677 1142 sine
692 1087 777 1142 dubio
794 1087 865 1141 ‘lero
880 1085 1005 1157 gurgite’
1023 1087 1098 1157 apud
1113 1086 1257 1142 Catullum
1275 1087 1359 1158 legit3

183 1190 274 1242 neque
294 1191 360 1229 uero
380 1174 476 1229 ‘freto’
498 1193 578 1229 suum
596 1176 661 1231 hinc
681 1175 833 1245 sumpsisse
851 1176 1010 1245 putauerim
1027 1174 1163 1231 Octauiae
1182 1175 1361 1246 scriptorem,

184 1262 233 1332 qui
252 1269 304 1318 '106
322 1279 398 1334 uaga
416 1280 479 1317 eum
498 1263 693 1320 recordatione
713 1265 778 1320 tatis
792 1281 919 1320 emersam
937 1265 1008 1338 freto
1026 1269 1170 1334 spamaate
1183 1264 1279 1320 Partes
1296 1281 1361 1321 eom·

184 1353 273 1422 iugem
291 1353 395 1422 accepit
416 1353 515 1407 Thetim
534 1353 614 1409 dixit.
652 1352 754 1408 dieitur
777 1355 871 1408 autem
891 1353 1026 1423 ‘gurges',
1045 1361 1077 1407 ut
1100 1370 1154 1424 ego
1172 1353 1276 1422 sentio,
1295 1372 1360 1424 pro·

184 1440 286 1495 landus
311 1457 445 1510 aquarum
471 1442 577 1510 hiatus,
603 1459 655 1512 per
679 1458 762 1510 quem
789 1458 823 1496 ex
845 1441 902 1496 imo
921 1441 1133 1498 adscendebant
1150 1442 1302 1510 Nereides,
1327 1446 1361 1498 ut

184 1530 294 1599 accepit
313 1529 361 1584 Sil.
380 1530 443 1584 Ital.
461 1530 513 1584 VII
532 1536 584 1585 412
604 1548 637 1586 ae
660 1535 748 1586 motas
766 1532 851 1586 malta
873 1532 1020 1602 spmnatat
1042 1532 1142 1601 rerae'ge
1159 1537 1278 1601 penate,
1297 1548 1360 1588 eam

184 1620 307 1690 trepidae
328 1620 441 1685 fremitu
463 1622 560 1675 uitreis
582 1621 722 1676 sorditas
740 1621 818 1674 aatrr‘
839 1637 986 1690 aequoreae
1006 1620 1104 1692 pelago
1125 1621 1210 1676 simul
1232 1637 1360 1677 emmam

183 1724 294 1764 sorores.
332 1708 445 1778 qualem
464 1708 572 1763 hiatum
591 1725 655 1764 cum
675 1725 783 1764 summo
807 1708 945 1764 undarum
964 1709 1087 1763 tumultu
1105 1709 1274 1779 fremituque
1293 1727 1359 1765 con-

184 1797 309 1852 iunctum
328 1814 388 1853 esse
408 1799 623 1853 consentaneum
643 1799 699 1866 est,
718 1798 791 1853 unde
810 1802 885 1854 recte
903 1814 1005 1869 gurges
1021 1798 1123 1854 dicitur
1138 1797 1247 1867 ‘ferus',
1265 1797 1297 1853 id
1315 1800 1360 1854 est

185 1903 285 1942 saeuus
294 1888 429 1956 atroxque
438 1887 485 1958 (cf.
495 1887 583 1941 LXIII
593 1893 629 1941 40
638 1904 712 1942 mure
721 1889 830 1957 saara).
855 1887 909 1942 iam
925 1889 1015 1943 uerba
1029 1887 1176 1958 sequentia
1186 1887 1331 1943 ‘candenti
1346 1904 1362 1942 e

186 1976 312 2046 gorgite’
332 1978 436 2032 frustra
454 1975 610 2030 defendunt
628 1976 654 2030 ei
672 1976 720 2044 qui
733 1977 846 2046 quaudo
863 1976 1013 2031 earundem
1028 1992 1130 2031 uocum
1143 1975 1275 2046 repetitio
1289 1976 1360 2047 legi·

185 2066 267 2134 tima,
287 2064 399 2134 quando
417 2064 545 2133 ferenda,
570 2065 681 2134 quaudo
705 2063 893 2121 intolerabilis
912 2064 949 2121 sit
970 2080 1028 2120 non
1050 2065 1157 2120 hahent
1178 2067 1358 2135 perspectum

185 2157 215 2209 et
232 2153 361 2223 exempla
378 2155 525 2208 accersunt
542 2153 648 2209 aliena:
668 2152 810 2208 Catullum
825 2154 916 2210 tribus
930 2155 1023 2209 uerbis
1040 2154 1195 2210 interiectis
1212 2154 1292 2209 nulla
1310 2157 1362 2209 aut

183 2243 350 2299 necessitate
376 2246 494 2312 cogente
519 2247 569 2298 aut
592 2244 807 2299 commendante
832 2245 893 2298 arte
919 2260 978 2299 rem
1005 2243 1089 2316 plane
1117 2243 1235 2299 eandem
1260 2243 1360 2299 eodem

184 2331 322 2389 uocabulo
341 2349 588 2398 commemorasse,
614 2333 716 2387 saltem
734 2333 761 2387 ei
780 2331 830 2401 qui
852 2349 934 2387 sensu
957 2331 1119 2403 incorrupto
1137 2336 1257 2388 utuntur
1274 2349 1360 2388 noue·

184 2425 306 2491 suntque
323 2422 398 2476 hunc
416 2423 529 2491 poetam
552 2438 609 2476 non
628 2422 751 2476 credunt.
789 2437 879 2491 neque
898 2421 1009 2476 tollitur
1028 2423 1081 2476 hoc
1102 2421 1203 2476 uitium
1221 2421 1358 2477 Italorum

185 2514 342 2567 commento
358 2511 480 2565 ‘canenti
494 2527 510 2564 e
524 2511 646 2581 gurgite’
663 2515 740 2581 (uam
759 2510 805 2565 hic
825 2510 900 2565 certe
916 2509 1069 2565 ‘candenti'
1086 2512 1117 2566 et
1131 2508 1265 2565 ‘canenti’
1285 2508 1359 2565 nihil

184 2601 295 2656 differre
321 2601 422 2655 docent
447 2600 483 2652 ad
507 2618 533 2653 u.
557 2599 680 2668 priorem
704 2599 871 2670 disputata),
897 2616 959 2654 cum
986 2599 1150 2669 praesertim
1174 2598 1271 2654 statim
1295 2598 1359 2653 suh

185 2692 318 2759 sequatur
345 2691 372 2743 ‘e
399 2688 512 2759 gurgite
539 2689 631 2742 cano’.
675 2689 788 2758 reposui
815 2705 882 2758 ergo
913 2688 1070 2743 ‘candentis
1098 2687 1210 2758 gurgite
1237 2687 1358 2757 uultus’,

184 2779 273 2849 primo
293 2777 353 2833 scil
373 2795 439 2832 casu
465 2779 508 2846 (ut
526 2776 600 2830 LXII
620 2784 652 2831 11
677 2781 706 2832 et
724 2782 758 2831 32
777 2777 913 2846 mesta,
937 2775 1010 2831 infra
1028 2782 1080 2832 tit
1104 2777 1277 2846 linquentis),
1301 2778 1356 2834 hoe

185 2871 229 2922 est
245 2866 366 2922 nitentia
383 2883 416 2920 ac
435 2865 582 2934 splendida
599 2882 660 2933 ora,
686 2865 783 2935 qualia
806 2865 902 2935 pulcre
925 2865 1027 2920 dantur
1046 2865 1183 2935 Nymphis
1201 2866 1356 2935 pulereque

183 2958 242 3011 lero
261 2956 305 3011 illi
323 2973 458 3024 aquarum
477 2955 610 3009 tumultui
629 2959 814 3025 opponuntur.
851 2954 976 3024 reposito
995 2956 1091 3009 autem
1112 2954 1280 3010 ‘candentis'
1303 2973 1356 3024 pro

185 3045 328 3101 ‘candenti
346 3045 372 3098 e‘
394 3047 488 3112 (quam
508 3045 696 3114 corruptelam
714 3044 800 3099 traxit
815 3043 897 3099 ‘lero'
918 3044 947 3097 in
963 3043 1037 3099 ‘feri'
1058 3043 1209 3111 mutatum)
1228 3048 1258 3100 et
1275 3061 1368 3114 prae.

184 3134 288 3204 positio
306 3151 324 3187 a
342 3132 412 3188 Silio
427 3132 610 3202 Dirarumque
630 3135 743 3188 auctore
761 3149 818 3188 non
837 3133 935 3203 agnita
948 3132 1060 3187 tollitur
1078 3135 1107 3186 et
1120 3132 1279 3187 restituitur
1297 3151 1360 3188 uer·

184 3224 250 3276 bum
265 3222 303 3288 id,
321 3222 396 3289 quod
415 3220 527 3276 diuersa
541 3239 603 3276 cum
623 3220 827 3291 significatione
841 3219 1000 3275 adhibitum
1014 3220 1086 3275 bene
1100 3220 1171 3275 illud
1185 3221 1355 3277 ‘incanduit'

183 3311 309 3379 sequitur
328 3309 458 3378 quodque
476 3311 505 3364 in
524 3311 614 3364 totam
633 3309 859 3380 descriptionem,
879 3327 935 3380 qua
949 3308 1143 3379 Nympharum
1165 3308 1255 3365 Iorma
1272 3328 1353 3380 prae·

184 3400 305 3455 dicanda
328 3401 400 3467 eret,
423 3401 536 3470 egregie
559 3399 687 3469 quadrat
707 3431 740 3439 -
766 3399 813 3454 lt.
836 3413 1004 3467 aequoreae
1024 3399 1192 3454 monstrum
1211 3398 1356 3457 Nereides

183 3489 378 3545 admirantes.
406 3490 475 3543 haec
489 3505 539 3558 per
553 3489 757 3559 appositionem
772 3489 909 3543 accedunt
923 3489 960 3543 ad
970 3504 1068 3543 uocem
1080 3488 1207 3544 ‘uultus’.
1237 3488 1357 3545 audiunt

184 3584 276 3636 autem
296 3579 430 3634 Nereides
450 3578 628 3647 ‘aequoreae’
649 3595 705 3633 non
729 3580 787 3632 tam
806 3579 931 3648 epitheto
954 3576 1067 3633 ornanti
1085 3579 1128 3645 (ut
1146 3594 1188 3631 ex.
1208 3596 1249 3648 gr.
1268 3576 1355 3649 Prop.

184 3671 222 3723 llI
237 3675 261 3738 5,
277 3676 310 3724 33
329 3675 435 3724 certam
454 3686 601 3738 aequoreae
614 3669 703 3724 Nereo
720 3670 840 3737 penitere
854 3668 975 3737 pacilus)
990 3682 1074 3736 quam
1088 3667 1164 3734 quod
1178 3667 1207 3721 in
1226 3669 1357 3735 aequoris

183 3759 239 3814 imo
261 3759 404 3825 habitant,
429 3759 502 3812 unde
525 3759 633 3812 excitae
657 3757 768 3827 fragore
791 3758 847 3810 iam
861 3756 1048 3832 *admirantur
1072 3755 1131 3810 siue
1155 3758 1271 3824 stupent
1289 3757 1356 3825 (qno

183 3852 297 3916 stupore
316 3848 396 3916 quasi
415 3847 543 3917 spiritum
563 3845 715 3901 retinentes
733 3861 779 3899 eas
793 3845 922 3915 depingit
936 3845 1062 3901 clausula
1076 3843 1240 3915 spondiaca)
1254 3860 1356 3900 nauem

183 3942 327 4006 tamquam
348 3936 536 4003 ‘monstrum’,
556 3936 609 3990 hoc
628 3939 683 4002 est,
701 3938 734 3989 ut
752 3951 810 3990 rem
829 3952 932 3990 nouam
951 3935 1036 4005 plane
1060 3936 1146 4002 atque
1170 3931 1357 4000 inuisitatum,

183 4025 281 4081 eodem
301 4025 458 4093 modoque
477 4028 573 4093 pastor
592 4024 723 4079 Attianus
747 4024 822 4094 apud
841 4023 898 4079 Cio.
918 4024 944 4078 d.
963 4042 991 4079 n.
1011 4024 1037 4079 d.
1058 4023 1083 4076 II
1102 4029 1145 4092 8⁶,
1164 4027 1198 4076 Bt
1218 4020 1358 4092 (imitatur

184 4115 254 4170 Ciris
275 4133 300 4168 u.
320 4117 391 4183 391).
411 4143 445 4154 -
465 4114 513 4169 le.
533 4113 624 4181 atque
643 4112 700 4168 illa
718 4112 824 4167 uidere
842 4113 921 4168 luce.
957 4114 999 4168 ita
1017 4111 1128 4167 initium
1148 4128 1244 4166 uersus
1263 4126 1357 4165 emen-

184 4204 262 4258 daui:
282 4201 306 4259 e
327 4203 389 4257 ‘illa
406 4205 491 4273 atque
510 4203 588 4269 alia‘,
613 4201 636 4257 θ
657 4202 719 4256 ‘illa
737 4201 805 4256 alia’
831 4203 982 4272 praebent,
1004 4201 1083 4255 cuius
1102 4199 1275 4254 diuersitatis
1295 4215 1357 4254 eam

184 4308 266 4345 unam
297 4310 342 4346 ars
367 4290 606 4362 palaeographica
634 4290 796 4361 suppeditat
824 4290 1053 4361 explicationem,
1082 4290 1115 4343 ut
1141 4288 1310 4358 archetypus
1334 4288 1358 4344 V

185 4382 280 4448 ‘atque
299 4381 368 4435 alia’
388 4381 419 4437 in
437 4385 528 4450 textu,
554 4380 627 4435 ‘illa’
653 4397 738 4450 supra
757 4380 861 4435 lineam
882 4376 1054 4446 adscriptum
1078 4375 1210 4432 hahuisse
1228 4379 1358 4447 putem,
