2940 4912
564 293 625 350 clx
643 301 721 352 e-e.
758 295 903 351 cx1-r.
1254 297 1319 362 599

151 456 320 531 simpliciter
337 460 368 513 et
384 456 444 513 sine
463 455 589 526 fallacia,
608 457 640 511 ut
657 456 719 511 Ter.
733 457 803 511 Eun.
818 456 830 509 I
844 462 871 524 2,
885 463 919 512 9⁷
937 458 963 512 ei
980 458 1052 513 c'ctuc
1069 459 1201 514 crederem
1218 459 1321 514 sincere
1410 462 1414 469 ’

145 550 214 617 αἰεί,
241 547 288 603 ‘ex
310 545 427 615 auimo’,
451 545 571 617 ingenue
595 547 703 615 (oppos.
724 545 886 613 ‘simulate’‚
911 545 966 601 Cic.
991 547 1018 599 d.
1037 565 1064 601 n.
1084 547 1111 600 d.
1136 546 1161 600 II
1185 553 1228 614 oi,
1249 549 1319 616 168),

145 639 178 693 ut
195 636 257 694 Ter.
276 637 347 692 Eun.
366 636 379 689 I
397 640 427 703 2,
447 640 481 690 at
505 635 613 690 utinam
635 636 706 691 ictuc
731 637 844 691 uerbum
863 652 896 690 ex
914 636 1007 690 ocimo
1025 652 1058 690 ac
1075 652 1139 691 uere
1156 637 1265 692 diceres.
1285 666 1319 676 —

144 728 175 785 5.
197 727 264 784 tota
285 725 452 796 perducere
475 724 552 780 uita.
585 727 713 794 respecta
736 724 813 779 illias
837 724 1037 795 ‘perpetuum’,
1062 743 1113 796 per
1137 740 1218 780 omne
1243 724 1318 780 uitas

145 820 256 888 tempus
274 813 446 872 continuare.
475 829 648 884 quamquam
665 831 764 869 uerum
783 817 840 885 eat,
860 813 931 870 alibi
949 832 1059 886 semper
1077 815 1143 870 addi
1159 813 1319 883 terminum,

145 907 182 962 ad
204 922 288 975 quem
310 921 354 959 rae
383 903 573 958 continuando
600 902 719 959 ducatur
747 903 855 974 (Liuius
879 903 997 959 XXXVI
1021 910 1055 958 23
1083 905 1253 975 oppuqaotio
1280 905 1319 960 ad

143 1000 248 1052 noctem
260 994 420 1065 peccaut
439 993 468 1047 et
481 993 597 1048 dubium
615 1009 683 1047 sane
701 996 757 1062 est,
775 994 844 1048 num
867 993 914 1048 hic
932 994 1069 1049 terminus
1087 993 1132 1049 illi
1152 990 1225 1049 ‘tota
1244 994 1315 1048 uita’

144 1085 236 1140 inesse
258 1081 356 1153 possit
397 1081 472 1137 uude
495 1081 693 1137 Lachmaanas
719 1081 755 1136 ad
778 1083 858 1137 Lucr.
881 1101 909 1153 p.
928 1089 981 1138 eei
1004 1083 1216 1138 adsentiebatur
1239 1082 1318 1136 Italis

144 1173 227 1229 unius
251 1188 315 1229 cum
338 1171 466 1243 uirgulae
488 1171 644 1227 mutatione
667 1172 866 1241 reponentibus
892 1172 1083 1242 ‘producere’;
1102 1173 1177 1242 qaod
1201 1172 1317 1227 uerbum

146 1261 186 1317 ‘in
208 1263 325 1331 longum
347 1261 470 1317 trahere’
501 1261 628 1316 indicans
656 1263 685 1315 et
707 1260 799 1331 ipsum
827 1278 926 1331 parum
954 1264 1053 1332 aptum
1080 1262 1131 1317 est
1175 1260 1317 1323 lubentius

144 1353 241 1422 credo,
267 1351 371 1407 Catulli
394 1366 454 1406 ease
478 1350 647 1428 ‘traducere'
669 1350 715 1418 (cf.
735 1350 798 1406 Tib.
816 1351 829 1404 1
850 1356 878 1421 1,
898 1354 925 1420 t)
948 1351 993 1406 uel
1018 1353 1120 1406 ‘totam
1142 1366 1193 1420 per
1215 1349 1317 1405 ducere

143 1438 257 1496 uitam’.
276 1469 310 1480 -
333 1438 363 1495 d.
382 1438 540 1495 aetornum
558 1439 615 1495 hoo
634 1440 756 1494 sanctae
775 1438 883 1495 tocius
901 1438 1064 1496 amicitiae.
1092 1440 1126 1493 ut
1143 1437 1225 1494 Ouid.
1244 1439 1316 1496 trist.

144 1529 269 1600 111o‚1
291 1528 388 1597 foedus
410 1530 549 1585 amicitiae
568 1571 597 1585 ..
616 1535 739 1595 nostroe;
763 1530 793 1583 et
816 1527 946 1585 similiter
970 1530 1077 1585 ‘foedus
1101 1530 1218 1599 amoris,
1240 1528 1317 1597 lecti,

143 1617 302 1690 patrocinii,
313 1618 472 1674 scelerum'.
498 1617 602 1674 dicitur
614 1618 662 1672 hic
677 1617 825 1674 ‘amicitia’
838 1619 949 1674 nomine
963 1620 1081 1674 honesto
1090 1619 1203 1688 quidem
1217 1636 1267 1689 pro
1282 1634 1316 1672 eo

142 1709 216 1779 quod
226 1709 270 1763 est
282 1708 383 1763 ‘amor’
398 1706 544 1777 (xcvii),
556 1707 605 1761 sed
620 1706 719 1760 eadem
730 1706 826 1776 inepto
839 1707 952 1762 omnino
965 1708 1090 1776 epitheto
1103 1706 1183 1762 audit
1194 1708 1314 1762 ‘mota’

141 1798 201 1855 siue
219 1815 291 1868 para
309 1797 456 1867 castaque,
475 1796 587 1865 qualem
607 1794 768 1865 praedicare
788 1810 850 1849 eam
868 1812 919 1850 nec
939 1795 1050 1851 Catullo
1069 1796 1157 1851 licuit.
1194 1813 1260 1851 nam
1274 1795 1315 1851 in-

143 1886 244 1943 uiolati
266 1887 357 1942 status
382 1885 551 1956 significatio
577 1884 642 1940 huic
667 1883 780 1953 quidem
806 1883 940 1940 locutioni
966 1884 1080 1940 minime
1106 1884 1193 1954 inest,
1219 1902 1314 1954 quem·

142 1975 293 2033 admodum
316 1975 347 2030 in
368 1975 419 2030 illo
444 1975 581 2029 ‘sanciam
605 1973 700 2028 fidem’
726 1972 838 2027 LXXVI
861 1979 887 2028 3.
930 1973 953 2029 V
976 1973 1064 2028 habet
1087 1974 1216 2043 ‘sancte’,
1239 1976 1314 2044 qaod

140 2064 332 2136 recipiendum
354 2065 439 2120 duco:
465 2063 540 2118 ‘cum
563 2063 619 2117 fide
646 2062 788 2133 probeque
815 2063 1001 2132 continuare',
1028 2065 1059 2118 ut
1084 2063 1171 2120 habet
1195 2064 1252 2119 Cic.
1278 2065 1315 2121 ad

140 2155 207 2210 iam.
222 2152 247 2208 V
262 2158 318 2222 8,t
338 2169 429 2224 meque
447 2169 479 2207 eo
497 2169 566 2222 quac
584 2152 637 2206 tibi
650 2153 783 2221 promitto
803 2194 827 2208 ..
845 2152 1016 2207 sanctissime
1029 2167 1083 2208 erse
1097 2154 1313 2210 obscraotarcoe

141 2245 285 2315 uulgatum
303 2242 455 2299 lectionem
474 2239 642 2297 ‘aeternnm'
663 2241 717 2295 etsi
735 2240 930 2311 interpretaris
946 2241 1135 2311 ‘perpetuum’
1155 2243 1227 2312 (Ter.
1242 2244 1313 2299 Eun.

141 2334 165 2389 V
184 2339 209 2403 ἱ,
229 2339 263 2388 33
282 2337 421 2389 aeternam
438 2333 513 2387 inter
529 2347 579 2386 scos
596 2331 717 2400 qratiam
730 2331 809 2401 fore),
828 2332 923 2385 tanim
943 2331 997 2386 hoo
1015 2331 1108 2400 ipsum
1124 2330 1243 2386 nimium
1262 2335 1313 2403 est,

139 2421 337 2494 perpetuitatis
360 2421 474 2478 notione
497 2421 555 2476 iam
580 2419 611 2473 iu
635 2418 727 2489 priore
753 2435 835 2474 uersu
862 2436 1005 2490 expresaa3
1031 2422 1060 2474 et
1085 2421 1161 2476 siin
1183 2422 1237 2477 hoc
1260 2422 1313 2478 fiae

139 2516 225 2584 poeta
250 2512 441 2568 iusiurandum
469 2528 487 2566 a
512 2509 615 2565 Lesbia
640 2509 694 2564 aibi
721 2509 818 2565 datum
844 2509 971 2580 respicit,
1000 2526 1064 2566 eum
1091 2528 1164 2566 nunc
1193 2511 1313 2565 aiterum

140 2600 298 2672 summique
317 2600 451 2656 momenti
469 2599 652 2670 promissum,
672 2600 799 2653 mutuom
818 2598 948 2661 nimirum
963 2601 1038 2655 hunc
1051 2616 1176 2655 amorem
1195 2600 1263 2668 iore,
1279 2617 1312 2656 oo

140 2693 230 2763 magis
249 2691 361 2761 oportet
378 2692 506 2760 tangere,
527 2687 604 2758 quod
622 2702 655 2744 ex
674 2705 725 2744 ena
743 2691 824 2759 parte
843 2706 996 2758 numquam
1011 2690 1066 2745 hoo
1084 2689 1181 2744 ioedas
1199 2692 1312 2760 ruptum

139 2781 174 2837 iri
193 2782 263 2837 bene
282 2780 331 2834 ille
350 2778 443 2834 sentit.
480 2778 553 2832 unde
573 2795 623 2833 suo
641 2777 702 2833 iure
720 2776 787 2833 Itali
804 2777 989 2833 restituerunt
1008 2779 1170 2834 ‘alternam’
1191 2782 1313 2850 (semper

138 2870 191 2927 bac
209 2870 327 2926 uoculae
346 2869 482 2924 fluctuant
500 2867 530 2922 in
544 2867 624 2923 libris
638 2868 729 2936 mss.);
748 2867 803 2922 uisi
821 2867 895 2936 quod
914 2868 1036 2938 optimus
1051 2869 1139 2924 codex
1153 2868 1176 2924 0
1191 2870 1308 2924 ‘eterne’

138 2960 273 3029 praebens
291 2958 373 3014 nobie
392 2959 436 3013 est
453 2959 551 3013 auctor
568 2957 721 3028 reponendi
740 2957 899 3025 ‘alternua'‚
918 2957 1057 3027 siquidem
1076 2958 1179 3013 rectius
1198 2959 1311 3014 fortias-

122 3067 192 3119 .que
212 3048 343 3105 ‘alterna'
364 3046 467 3102 dicitnr
485 3045 613 3102 amicitia
631 3064 715 3115 qnam
734 3046 839 3103 foedus.
857 3077 887 3086 —
910 3047 1045 3116 scriptum
1064 3050 1109 3103 est
1126 3049 1180 3104 hoc
1199 3064 1310 3103 carmen

138 3139 223 3208 paulo
241 3138 308 3209 post
326 3136 407 3194 cvii.

691 3291 759 3349 ΟΧ.

210 3405 238 3462 1.
256 3402 412 3472 initiens,
430 3402 526 3459 bonae
545 3417 665 3472 semper
679 3402 843 3459 laudentur
856 3404 980 3461 amicae.
1009 3406 1043 3459 de
1058 3405 1194 3474 Aufilena,
1215 3408 1311 3476 puella

139 3494 300 3563 Veronensi,
319 3493 354 3547 cf.
374 3491 411 3547 ad
426 3492 455 3562 O,
474 3492 547 3546 unde
567 3508 629 3547 eam
646 3490 732 3546 famae
753 3491 861 3557 Quiniii
879 3509 988 3547 amores
1008 3493 1153 3559 discimus3
1174 3494 1208 3548 ci.
1228 3512 1312 3564 supra

138 3603 166 3655 p.
181 3592 223 3641 37.
255 3584 294 3639 ‘b.
309 3583 357 3652 ι’,
377 3576 487 3650 ἑταῖραι
501 3581 613 3651 probae,
628 3579 775 3649 ingenuae,
790 3579 827 3635 ad
843 3580 965 3650 pretinm
980 3582 1163 3637 constitutum
1179 3585 1309 3653 prompte

138 3676 299 3745 prestantes
317 3688 369 3728 uec
387 3673 534 3743 praetcrea
553 3670 705 3740 quidquam
725 3669 872 3726 molestiae
890 3672 1034 3740 parantes;
1056 3670 1185 3727 similiter
1203 3673 1265 3728 Tib.
1283 3675 1309 3730 Π

139 3769 169 3831 4,
188 3769 222 3820 it
245 3768 276 3819 at
298 3764 371 3820 bono
397 3778 466 3832 quim
493 3776 541 3815 aec
568 3777 659 3815 auara
682 3761 751 3828 suit,
780 3759 827 3814 ubi
853 3759 916 3814 ‘nec
942 3761 1037 3815 auara'
1064 3760 1187 3831 explicat
1210 3762 1307 3819 'bona’

136 3855 235 3923 (rapax
253 3852 320 3908 ibid.
337 3858 371 3907 iil
392 3849 490 3904 ‘mala‘
511 3848 609 3917 audit).
637 3849 738 3904 falsum
757 3851 813 3918 est,
833 3847 909 3918 quod
924 3849 1009 3919 uulgo
1024 3849 1135 3918 dicunt,
1155 3850 1308 3921 significari
1422 3918 1429 3930 ‚

138 3958 199 3999 eum
227 3958 298 4011 quae
326 3959 381 3997 non
409 3957 473 3996 aare
498 3940 576 3993 amet
598 3939 627 3993 et
649 3938 709 3993 uiro
733 3939 867 4011 contenta
889 3937 970 3992 maai
996 3939 1068 4004 solo;
1097 3956 1162 3994 uam
1192 3941 1306 3997 ‘amica’

136 4048 247 4103 semper
265 4030 437 4086 concubinae
452 4027 565 4084 notione
581 4026 667 4082 inhio
681 4027 765 4083 rebus
779 4027 875 4083 utitur.
892 4058 924 4068 -
941 4028 970 4084 2.
989 4028 1145 4099 accipiunt
1162 4029 1307 4102 pretium,

137 4135 213 4191 quae
241 4121 342 4177 iacere
370 4118 546 4175 instituunt.
592 4119 669 4172 certa
696 4117 770 4172 enim
798 4117 917 4187 pecunia
943 4116 996 4186 eis,
1028 4134 1100 4186 qaae
1128 4135 1163 4174 ex
1191 4136 1308 4189 corpore

136 4214 284 4281 quaestum
302 4208 423 4276 iaciunt,
442 4207 603 4263 exsoluitur.
631 4207 718 4262 habet
733 4206 814 4262 ‘acc'
831 4207 1014 4278 praemissum
1029 4207 1139 4263 fortiter
1152 4208 1226 4263 hanc
1240 4207 1308 4276 uim,

136 4303 170 4356 ut
187 4301 334 4370 praeterea
351 4298 392 4354 nil
411 4314 458 4353 eas
476 4296 646 4353 incommodi
664 4313 763 4367 parare
781 4296 954 4352 amatoribus
972 4296 1119 4367 significet.
1160 4296 1305 4365 ‘pretium’

138 4390 224 4445 etium
244 4387 279 4443 ad
300 4387 415 4444 ‘iacere'
437 4388 547 4457 spectat
565 4384 666 4456 (Plaut.
687 4385 760 4440 Pers.
780 4384 818 4440 lV
837 4391 863 4454 4,
882 4391 916 4440 37
937 4385 985 4454 soc
999 4387 1143 4457 pretium),
1160 4384 1216 4441 uisi
1234 4386 1307 4444 torte
