2940 4912
199 358 265 422 610
294 299 302 312 ⁸
691 358 778 450 CXVI
797 363 876 413 s-e.

197 517 336 572 transiens
359 517 465 573 Gellius
493 520 626 588 coeperat
654 517 712 573 tela
740 519 869 588 (fortasse
897 536 1008 574 carmen
1036 537 1114 575 more
1140 520 1231 590 prisco
1259 520 1378 588 iactum)

196 608 306 676 uibrare
328 607 357 661 in
380 609 482 677 poetae
505 610 598 676 caput.
635 607 711 662 Caes.
731 608 804 678 hg.
825 606 960 677 11114,1
988 608 1123 664 intellexit
1140 609 1249 675 fnestra
1267 615 1376 664 tantm

196 697 314 751 lotorem
335 697 414 750 sumi.
441 726 472 734 -
498 697 527 749 e.
550 708 606 749 neo
628 696 751 751 nostras
775 696 826 750 hle
851 695 985 751 ualuisse
1009 711 1126 766 proces.
1164 700 1192 752 et
1214 697 1244 752 in
1267 699 1322 752 hac
1346 714 1376 752 re

195 785 315 840 caruisse
336 784 438 839 effectu
453 784 599 839 beniuolas
615 784 829 854 admonitiones,
847 786 948 853 quibus
962 787 1107 853 praeterea
1121 785 1244 840 Gellium
1258 785 1375 840 inimice

80 898 82 903 ·
194 891 224 928 sc
243 876 386 944 gerentem
405 874 457 928 sibi
476 873 563 928 lenire
582 874 729 928 studuerat
743 875 835 943 pocta.
875 873 1003 931 V‘hinc’
1020 874 1115 943 habet,
1134 875 1208 929 unde
1222 874 1296 929 aliae
1311 875 1374 929 edd.

193 964 301 1033 priscae
321 963 397 1018 ‘huc’
419 963 465 1031 (ud
484 963 556 1017 hanc
575 979 634 1017 rem
653 962 840 1031 efficiendam)
862 961 952 1018 iecere
971 963 1062 1017 minus
1076 964 1156 1019 bene.
1172 995 1205 1004 —
1222 963 1249 1019 7.
1265 965 1376 1019 contre

193 1066 248 1108 nee
271 1052 334 1107 tela
356 1052 418 1107 leta
439 1052 493 1106 tue
516 1051 697 1107 cultahlmue
726 1052 846 1107 amicta.
883 1069 948 1107 ecce
972 1069 1023 1108 nec
1046 1053 1176 1107 ultimum
1196 1052 1338 1107 distichon
1357 1070 1375 1107 a

192 1141 279 1210 spinis
294 1140 397 1196 criticis
410 1147 541 1196 uacuom!
567 1141 632 1195 Itali
645 1141 778 1211 scripsere
796 1141 866 1196 ‘tela
880 1141 898 1198 i.
913 1143 939 1196 tr
949 1143 1087 1197 enitemus
1102 1142 1219 1196 amictu’
1236 1140 1273 1196 ed
1289 1141 1374 1196 Sene·

193 1247 255 1284 cem
270 1216 352 1299 epist.
368 1237 410 1298 53,
428 1238 459 1284 12
473 1232 581 1285 nullum
596 1231 680 1285 telum
693 1231 725 1284 io
738 1246 849 1299 corpore
862 1232 921 1286 eiua
935 1229 1151 1300 (philosophiae)
1164 1231 1248 1286 sedat
1263 1232 1374 1285 munito

192 1323 239 1384 est,
258 1319 363 1373 solida:
381 1319 515 1388 quaedam
529 1319 664 1388 desatipat
678 1319 731 1373 tola
744 1323 770 1373 et
782 1320 858 1374 uelut
877 1320 951 1375 leuia
966 1319 1061 1390 [‘tela'
1082 1323 1147 1389 post
1162 1319 1259 1374 ‘leuia’
1276 1319 1373 1390 codd]

192 1406 257 1460 lose
269 1408 335 1460 sios
344 1408 430 1463 eludit
440 1409 469 1463 et
483 1407 517 1462 de
528 1409 642 1462 consti
657 1423 714 1462 ooo
725 1408 817 1463 minus
833 1410 904 1463 loire
914 1413 961 1475 eet,
976 1410 1055 1463 caius
1064 1409 1147 1463 telum
1160 1410 1287 1478 opposito
1300 1415 1374 1463 ueste

191 1496 295 1549 elusum
319 1501 370 1562 est,
392 1496 503 1551 Petron.
523 1501 558 1550 80
580 1496 683 1552 intorto
712 1498 787 1552 circo
810 1498 951 1553 tractim
971 1499 1061 1567 pollio
1079 1499 1218 1568 composui
1235 1498 1274 1552 od
1288 1515 1370 1566 proe-

190 1584 315 1639 liandum
337 1584 457 1653 modum
481 1583 529 1652 (ib.
549 1590 596 1654 63,
621 1586 723 1641 Pacuu,
745 1591 797 1640 186
818 1585 870 1653 R.).
909 1586 1009 1655 quibus
1032 1586 1101 1641 locis
1125 1586 1199 1656 quod
1218 1585 1371 1641 uerborum

79 1670 83 1679 '
109 1701 115 1709 ·
191 1673 273 1742 copia
296 1676 364 1743 apta
386 1672 508 1728 dilucide
532 1679 577 1729 est
599 1690 771 1745 expressum,
794 1675 824 1729 id
848 1675 895 1730 hic
917 1692 973 1729 uno
996 1674 1047 1729 illo
1072 1674 1202 1730 ‘amictu'
1225 1675 1371 1729 obscurius

189 1761 379 1817 adumbratur.
420 1764 566 1831 praeterea
594 1764 634 1818 sic
662 1765 760 1818 contra
792 1766 880 1819 artem
904 1780 1049 1819 remouere
1078 1767 1216 1834 coguntur
1243 1762 1370 1818 futurum

190 1850 396 1918 ‘cnitahimus’‚
427 1851 472 1904 cui
495 1869 558 1906 cum
582 1851 673 1908 altero
699 1853 801 1907 ‘dahis'
828 1853 908 1908 unice
932 1853 1071 1909 conuenit.
1113 1852 1232 1920 denique
1259 1851 1371 1906 ‘contra

188 1940 250 1994 nos'
275 1957 331 2009 quo
354 1956 419 1994 uere
442 1939 583 2009 pertineat
607 1945 683 2009 (nam
707 1958 797 2011 nugas
820 1942 915 2011 mitto)
939 1943 1022 2012 plane
1040 1941 1120 1998 latet.
1157 1942 1368 2011 potestantem

190 2028 320 2083 ‘enitare'
346 2028 475 2084 absolute
498 2030 578 2099 poni,
602 2031 634 2084 ut
653 2030 733 2086 Ouid.
757 2034 823 2086 met.
843 2030 896 2085 ΧΠ
917 2037 966 2086 128
990 2029 1115 2085 fresinus
1138 2030 1249 2084 homno
1273 2031 1369 2084 mett

187 2133 244 2170 eon
271 2119 376 2172 mitola
403 2119 526 2174 sinistre.
572 2118 638 2174 hino
666 2135 762 2174 omnes
789 2120 974 2175 difficultates
1006 2118 1079 2174 tollo
1106 2117 1230 2173 remedio
1260 2117 1368 2188 simpli·

188 2205 313 2274 cissimo,
341 2224 391 2275 pro
420 2207 546 2262 ‘amicta'
572 2206 720 2264 scribendo
745 2209 846 2264 ‘acte’r
870 2210 929 2264 tela
954 2209 1009 2265 ista
1032 2211 1081 2263 tua
1104 2211 1179 2284 (cum
1202 2208 1369 2276 contemptu

189 2295 295 2353 dictum
317 2299 400 2365 puta:
424 2297 493 2351 nihil
518 2298 681 2364 metuenda,
705 2297 822 2353 inbellis
846 2301 875 2354 et
900 2298 1033 2367 infirma),
1057 2310 1249 2364 quaecumque
1273 2293 1303 2349 in
1323 2312 1369 2350 me

188 2383 275 2437 missu
298 2388 374 2450 (sunt
397 2387 437 2453 et)
462 2389 557 2452 erunt,
581 2385 665 2442 facile
685 2386 827 2457 effugiam.
865 2386 964 2442 Anien
984 2386 1039 2441 leb.
1059 2390 1103 2451 39,
1122 2392 1138 2438 9
1154 2385 1369 2453 petierunttelo

188 2474 486 2540 tommassinius..
506 2480 569 2530 octa
590 2477 663 2530 rucis.
701 2474 771 2530 obiit
791 2476 877 2530 ‘eota’
897 2476 927 2530 in
947 2475 1073 2529 ‘amicta’
1095 2490 1128 2528 eo
1148 2473 1222 2541 quod
1241 2473 1367 2541 glossam

188 2561 250 2614 ‘mi’
272 2579 356 2631 supra
375 2562 469 2618 ‘dabis
489 2565 669 2633 supplicium’
691 2565 824 2633 scriptam
844 2582 895 2634 pro
915 2564 1018 2619 litteris
1039 2564 1076 2634 τῷ
1098 2561 1183 2616 ‘acte’
1199 2560 1368 2630 subscriptis

187 2649 287 2705 habuit
311 2651 448 2707 librarius.
469 2683 502 2692 —
522 2652 551 2708 8.
575 2654 608 2708 st
631 2654 711 2708 flxns
736 2653 852 2709 nostris
872 2654 907 2708 tu
926 2653 1011 2708 dahis
1031 2650 1223 2721 supplicium.
1261 2649 1367 2704 nostris

186 2737 258 2792 telis-
271 2738 416 2810 (intellege
435 2742 560 2797 carmine
577 2741 843 2798 maledicentissima
857 2742 886 2796 in
903 2742 1024 2797 Gellium
1040 2742 1137 2811 postea
1152 2755 1180 2793 re
1194 2754 1263 2792 uera
1276 2738 1366 2806 iacta)

186 2827 259 2882 ictus
277 2830 309 2882 tu
328 2829 421 2899 potius
440 2848 544 2900 poenas
562 2830 632 2885 mihi
646 2832 713 2886 lues.
752 2830 876 2886 ‘affixus'
897 2831 927 2885 in
942 2830 965 2886 V
980 2830 1113 2885 traditum
1127 2825 1240 2882 retineri
1255 2828 1365 2895 nequit,

186 2933 250 2971 cnm
272 2918 388 2973 uerbum
412 2920 483 2975 illud
507 2921 566 2975 sine
588 2920 683 2989 aliquo
702 2921 799 2975 addito
821 2922 865 2988 (ut
884 2920 987 2976 ‘terrae
1007 2918 1145 2988 cuspide’)
1169 2933 1226 2971 non
1251 2915 1364 2971 intelle·

185 3008 276 3074 gatus.
318 3007 348 3060 in
377 3008 479 3062 ‘dabis'
511 3026 588 3064 more
617 3010 722 3077 prisco,
749 3027 833 3078 quem
857 3008 954 3064 Cicero
981 3005 1127 3061 Lucretius
1151 3005 1239 3058 Varro
1268 3005 1365 3061 adhuc

185 3093 299 3162 habent,
316 3096 351 3148 ‘s'
368 3096 495 3150 obicitur.
524 3097 599 3165 qnod
614 3097 726 3151 unicum
741 3099 816 3167 apud
831 3097 974 3151 Catullum
991 3095 1146 3163 exemplum
1162 3096 1258 3161 (supra
1272 3111 1300 3162 p.
1319 3097 1364 3159 lc)

185 3183 307 3237 dubitari
331 3185 429 3252 nequit
451 3184 518 3253 quin
541 3185 677 3253 peculiari
701 3202 759 3240 sese
783 3185 916 3240 defendat
940 3185 1130 3240 excusatione:
1154 3179 1270 3234 uidetur
1289 3182 1362 3236 mihi

185 3274 270 3338 poeto
288 3270 372 3324 Gellii
391 3271 478 3340 ipsius
497 3288 530 3325 ex
549 3271 672 3328 carmine
691 3272 785 3342 aliquo
803 3273 895 3328 uerba
913 3273 1030 3328 adferre.
