2940 4912
608 1157 927 1231 PRAEFATIO.

713 1318 820 1328 ..—

260 1418 510 1484 commentarius
537 1421 585 1480 hic
608 1419 797 1480 Catullianus
825 1437 902 1478 anno
927 1420 1012 1479 1874
1036 1395 1193 1479 incohatas
1216 1438 1353 1499 annoque

170 1527 257 1585 1818
287 1521 323 1580 111
346 1515 530 1594 praefatione
551 1518 712 1578 uoluminis
731 1517 839 1593 prioris
858 1515 976 1592 publice
994 1517 1159 1592 promissus
1178 1519 1257 1594 quod
1275 1539 1354 1582 118118

168 1625 295 1682 demum
320 1619 355 1676 in
381 1617 474 1674 1888111
496 1617 655 1693 emittitur,
684 1617 761 1676 hano
790 1614 976 1692 potissimam
1001 1613 1094 1674 habet
1116 1633 1249 1692 causam,
1273 1620 1353 1693 quod

168 1724 226 1779 nia
257 1735 360 1793 super
388 1713 448 1772 alia
474 1732 574 1794 opera,
602 1715 731 1774 maxime
759 1712 897 1772 Tibullus
925 1731 992 1772 cum
1019 1713 1175 1790 Propertio
1203 1713 1351 1793 Statiiquo

168 1821 253 1877 siluis
281 1835 319 1874 ae
345 1813 479 1889 quinque
496 1816 652 1889 poetarum
672 1812 836 1873 latinorum
855 1812 1004 1871 minorum
1023 1810 1189 1890 uolumina‘,
1211 1813 1285 1874 adeo
1302 1835 1351 1875 me

170 1919 265 1976 adhuc
294 1917 424 1972 tenuere
447 1916 634 1988 occupatum,
663 1914 698 1970 ut
721 1911 867 1986 pristinae
890 1928 979 1970 curae
1002 1928 1063 1970 non
1085 1911 1127 1971 sic
1151 1915 1185 1971 ut
1207 1930 1263 1988 par
1286 1917 1352 1973 erat

169 2030 265 2074 situm
294 2030 343 2069 me
369 2007 477 2067 dedere
499 2009 597 2070 animo
621 2009 718 2069 otioso
738 2008 892 2085 liberoque
911 2007 1024 2070 liberet.
1059 2028 1240 2086 quamquam
1259 2009 1351 2072 8118111

168 2115 245 2171 inter
269 2110 343 2167 illus
370 2096 517 2167 editiones
539 2107 707 2167 condendas
730 2125 894 2182 numquam
916 2107 1066 2183 requieuit
1088 2109 1142 2166 aut
1160 2105 1272 2168 Catulli
1290 2110 1349 2168 moi

168 2230 250 2268 amm
274 2210 332 2267 aut
359 2223 450 2281 opera
472 2205 504 2264 in
528 2225 563 2265 ao
586 2204 814 2281 interpretando
838 2203 1083 2281 emendandoque
1106 2204 1212 2280 posita.
1258 2205 1349 2266 immo

167 2306 314 2384 quidquid
339 2303 519 2380 perdecem
543 2321 636 2362 annos
660 2302 792 2379 elapsos,
820 2300 892 2360 dum
919 2305 1017 2362 totum
1047 2302 1237 2378 antiquitatis
1265 2322 1349 2379 prae-

166 2409 314 2482 cipueque
340 2402 520 2478 scriptorum
543 2402 706 2461 latinorum
729 2400 834 2460 orbem
857 2400 994 2476 repetitis
1018 2399 1125 2460 studiis
1148 2416 1286 2477 peragro,
1309 2404 1348 2462 ad

168 2500 378 2562 ministrandae
412 2502 530 2560 ueteres
559 2498 680 2559 delicias
712 2497 809 2558 facero
837 2498 1010 2575 uidebatur,
1037 2497 1107 2557 ilico
1134 2497 1285 2576 migrabat
1316 2501 1347 2560 in

169 2602 323 2677 margines
349 2598 577 2675 exemplarium,
607 2599 638 2657 et
664 2596 717 2656 ubi
745 2614 910 2656 recrearem
937 2615 986 2656 1118
1009 2596 1047 2683 ab
1071 2596 1199 2656 aliorum
1222 2617 1347 2673 operum

167 2701 269 2758 tutore
297 2696 379 2755 haud
405 2714 472 2755 raro
496 2696 645 2773 taedioso,
669 2712 757 2769 saepe
782 2694 899 2753 animus
922 2694 954 2751 in
978 2692 1090 2754 Catulli
1113 2695 1213 2754 uerbis
1237 2695 1347 2756 iterum

166 2815 338 2871 :er-imque
375 2793 613 2869 perpensitandis
642 2793 879 2852 commorabatur.
933 2792 985 2851 sed
1017 2793 1126 2851 molem
1158 2793 1347 2854 adnotatiun-

165 2896 304 2951 =·;iarum
334 2892 463 2952 subinde
490 2893 689 2952 subnatarum
716 2891 747 2949 in
779 2890 892 2950 iustum
925 2891 1173 2951 commentarium
1202 2892 1345 2953 adhibitis

171 2996 273 3070 :euque
301 3012 372 3051 88111
396 3010 467 3051 cura
490 2992 624 3067 priorum
643 2990 790 3050 editorum
815 2989 1044 3065 criticorumque
1069 2989 1175 3048 studiis
1200 2990 1344 3068 redigere,

164 3104 192 3150 :t
216 3112 252 3150 ex
280 3094 374 3166 parte
402 3087 516 3147 minore
547 3088 606 3147 iam
630 3091 720 3147 antea
746 3087 777 3145 in
807 3087 977 3146 scholarum
1005 3087 1041 3146 de
1070 3087 1125 3147 hoo
1148 3091 1237 3163 poeta
1260 3089 1344 3148 habi·

160 3208 258 3247 tarcm
288 3205 382 3245 usum
405 3185 536 3258 institui,
563 3186 608 3245 ita
633 3185 664 3243 in
692 3188 791 3245 totum
818 3203 962 3261 peragere
985 3186 1069 3260 coepi
1097 3185 1220 3245 ineunte
1244 3205 1344 3248 manso

159 3287 284 3346 tiu-tetri
312 3283 386 3342 anni
411 3284 494 3343 1883
518 3283 659 3359 finirique
683 3288 810 3343 exeunte
833 3301 933 3342 mense
957 3284 1096 3359 Augusto
1121 3303 1146 3343 a.
1173 3285 1267 3344 1884.

246 3383 312 3442 Sed
338 3385 501 3456 antequam
525 3382 561 3440 de
585 3381 674 3440 huius
698 3382 904 3442 commentarii
923 3381 1091 3441 rationibus
1111 3399 1270 3459 exponam,
1293 3402 1342 3442 ne·

156 3506 236 3543 -esec
269 3487 323 3541 eet
353 3479 391 3538 de
421 3479 553 3554 priorum
582 3479 738 3539 doctorum
764 3481 796 3539 in
824 3479 998 3555 explicando
1027 3479 1083 3539 hoc
1110 3481 1200 3555 poeta
1228 3480 1343 3541 meritis

154 3603 248 3655 jaira
267 3579 373 3637 uerba
386 3578 501 3638 faciam.
539 3578 565 3637 si
584 3598 602 3637 a
620 3579 725 3654 primis
740 3579 954 3654 interpretibus
970 3578 1129 3638 Antonio
1145 3577 1342 3640 Parthenio

168 3682 295 3739 11111188
319 3671 425 3750 1486]
446 3679 477 3734 81
491 3675 655 3735 Ρ81181118
671 3676 784 3736 Fusco
801 3675 949 3751 [Venetiis
968 3674 1067 3751 1493]
1088 3681 1119 3736 et
1134 3677 1341 3738 Alexandro

151 3779 322 3837 uuarino
351 3771 441 3849 [11811.
463 3771 561 3849 1521]
586 3775 765 3849 recedimus,
788 3793 842 3851 per
866 3775 1018 3835 saeculum
1041 3774 1112 3833 XVI
1137 3775 1195 3835 tria
1218 3776 1343 3851 potissi-

152 3900 230 3937 :im
264 3878 451 3936 litterarum
480 3876 652 3932 nostrarum
682 3873 796 3931 lumina
825 3877 916 3950 atque
947 3872 1054 3932 decora
1084 3873 1341 3949 interpretationis

149 3976 395 4036 tutamentum
422 3969 551 4028 solidum
574 3970 677 4031 iecere.
717 3976 748 4030 et
770 3971 920 4030 Antonii
945 3970 1064 4047 quidem
1088 3971 1220 4030 Mureti
1243 3975 1341 4047 notae,

155 4096 220 4151 jae
253 4072 399 4150 primum
428 4067 566 4143 prodiere
590 4068 725 4129 Venetiis
754 4089 779 4131 8.
807 4071 890 4129 1554
921 4068 1098 4144 saepiusque
1126 4068 1234 4126 abhinc
1257 4086 1341 4142 repc-

146 4192 214 4234 :aa
241 4178 339 4242 sunt,
368 4172 400 4226 ct
425 4166 577 4225 doctrinae
600 4170 757 4228 accuratae
781 4172 811 4228 et
839 4167 940 4226 iudicii
964 4166 1111 4242 elegantis
1136 4165 1255 4224 laudern
1280 4185 1341 4226 me·

144 4290 246 4333 :satur
268 4267 424 4340 eandem,
445 4284 536 4343 quarn
556 4266 655 4326 8111818
673 4266 784 4326 1181811
803 4266 914 4341 scripta
934 4263 990 4323 sibi
1011 4263 1175 4340 medicant,
1197 4263 1339 4323 8111818111

148 4369 403 4453 iaquisitionem
435 4363 467 4423 in
496 4362 568 4423 18818
597 4363 814 4425 difficilioribus
842 4383 931 4439 saepo
960 4361 1148 4439 requirimus.
1196 4381 1285 4437 quem
1309 4365 1340 4421 et
