2940 4912
180 332 246 397 384
663 332 738 386 LXII
758 338 871 386 ss-oo.
899 369 902 374 .

178 491 346 547 uersiculum
370 492 483 562 putauit
505 507 567 547 esse
591 491 740 560 amissum,
759 492 804 546 cui
822 490 961 562 Hauptius
980 492 1098 561 postet
1117 495 1146 546 61
1164 491 1356 546 Rossbachius

178 584 243 653 post
265 586 299 635 69
323 582 450 636 lacunam
475 583 630 636 statuentes
653 581 765 636 adsensi
788 582 861 636 6661.
898 582 948 636 6111
975 600 1001 636 6.
1027 587 1061 635 14
1087 581 1263 650 aptissimum
1281 581 1356 635 male

178 672 373 740 suspectantes
387 668 585 739 aequabilitati
599 669 790 724 consulebant.
810 669 854 723 illi
864 671 958 724 autem
973 669 1078 724 rationi
1087 670 1237 739 propterea
1249 668 1358 734 diffido,

178 760 252 828 qnod
280 760 437 829 complures
464 759 577 813 lacunas
602 774 637 812 ne
657 760 814 814 statuamus
837 760 917 814 uetat
940 775 985 813 ars
1009 757 1207 827 diplomatica:
1231 761 1298 828 post
1322 765 1356 814 68

181 851 276 918 aperte
295 864 347 904 uec
366 847 425 902 ullo
444 846 592 902 dubitante
610 846 705 901 hiatus
719 850 771 915 est,
791 848 845 902 hoc
858 846 939 901 hiatu
954 846 1089 916 absorpta
1102 864 1163 903 esse
1180 848 1263 915 siqua
1276 863 1356 916 prae-

178 940 255 991 terea
274 937 468 992 desiderantur
488 953 572 990 sanae
592 934 703 991 critices
721 937 836 1006 regulae
850 935 985 992 indicant.
1023 938 1052 990 et
1066 936 1143 1003 quali
1158 935 1268 990 ambitu
1281 936 1354 991 hanc

178 1025 309 1079 lacunam
333 1025 419 1081 fuisse
439 1029 608 1092 statuamus,
634 1042 668 1080 ex
686 1028 781 1081 nostro
800 1025 916 1080 arbitrio
934 1024 993 1080 6166
1012 1041 1046 1079 ex
1065 1023 1181 1080 internis
1199 1025 1357 1080 rationibus

179 1113 291 1183 pendet.
326 1113 464 1183 equidem,
480 1113 527 1182 qui
541 1113 570 1168 in
584 1131 630 1169 nu.
647 1118 733 1168 1-18
747 1113 888 1184 adgnosco
902 1114 1106 1184 prohoemium,
1120 1113 1166 1169 cui
1180 1132 1198 1169 a
1211 1114 1357 1184 strophica

179 1202 374 1258 distributione
399 1202 440 1257 uil
466 1204 503 1257 sit
524 1218 672 1258 commuue
695 1220 758 1257 cnm
781 1203 843 1273 ipso
864 1202 987 1258 carmine
1006 1204 1159 1258 amoebaeo
1178 1203 1310 1272 quodque
1327 1203 1358 1257 in

179 1309 208 1347 se
231 1292 386 1362 perfectum
411 1291 448 1346 sit
465 1291 671 1360 rotundumque
691 1293 808 1361 (11-18
824 1317 857 1337 ==
876 1298 946 1346 1-4
964 1295 994 1346 61
1013 1295 1107 1362 6-8),
1131 1291 1196 1346 16616
1214 1295 1357 1360 postremo

178 1381 311 1435 iuuenum
334 1381 429 1436 cantui
454 1380 495 1435 616
526 1380 655 1445 6666616,
678 1382 789 1434 utnon
814 1380 961 1436 extribus
984 1380 1112 1450 partibus
1135 1381 1178 1451 (nt
1202 1380 1287 1450 uulgo
1307 1398 1357 1450 pu-

178 1471 255 1524 tant:
286 1470 322 1523 sd
350 1488 375 1523 u.
403 1472 448 1536 tl)
473 1470 615 1524 certamen
638 1469 799 1524 constitisse
823 1469 930 1536 dicam,
959 1468 1008 1524 sed
1032 1487 1066 1524 ex
1089 1471 1230 1539 quattuor.
1272 1469 1358 1537 idque

178 1559 269 1628 ipsum
298 1558 417 1613 actionis
436 1573 614 1628 progressum
632 1557 813 1613 manifestare
831 1563 909 1628 puto.
947 1559 977 1612 in
995 1557 1087 1629 prima
1104 1562 1184 1629 parte
1203 1558 1357 1613 aduentum

179 1647 298 1717 Hesperi
318 1649 423 1702 canunt
441 1646 552 1716 utrique
571 1646 661 1714 chori;
682 1648 709 1701 in
729 1648 852 1703 secunda
868 1647 998 1717 rapinam
1018 1653 1077 1703 tum
1094 1647 1208 1717 factam,
1226 1647 1256 1702 in
1271 1645 1357 1702 tertia

180 1735 297 1806 uirginis
312 1736 479 1791 reluctantis
493 1735 794 1806 adpropinquatiouem
809 1754 843 1792 ex
852 1736 922 1807 ipsis
932 1737 1044 1792 illorum
1054 1735 1149 1791 uerbis
1159 1735 1357 1807 perspicimus:

179 1823 249 1879 nihil
273 1825 379 1880 actioni
400 1826 458 1882 iarn
483 1828 571 1880 restat
593 1841 679 1895 quam
702 1829 793 1895 nupta
810 1825 877 1884 noui
897 1825 992 1881 mariti
1010 1825 1125 1880 domum
1143 1824 1357 1894 introgressum

180 1914 217 1968 ad
240 1931 325 1983 qnam
351 1915 374 1968 si
392 1913 422 1968 in
440 1915 495 1968 fine
513 1913 602 1969 uerba
620 1931 671 1969 sua
690 1914 822 1984 derigunt
840 1916 1045 1986 adulescentes,
1069 1929 1121 1984 par
1138 1917 1183 1969 est
1201 1917 1231 1968 ct
1248 1912 1358 1982 puellas

180 2002 266 2057 simili
285 2003 478 2059 admonitione
497 2003 643 2059 adlocutus
663 2020 724 2059 6666
742 2021 847 2060 nouom
864 2005 1007 2060 maritum.
1045 2003 1121 2073 quod
1141 2002 1300 2073 quomodo
1320 2001 1360 2056 611

180 2091 296 2159 factum,
316 2094 466 2162 propterea
485 2091 600 2148 difficile
620 2097 664 2148 est
681 2093 774 2162 dictu,
794 2095 868 2164 quod
887 2093 916 2148 in
933 2094 989 2149 hoc
1006 2093 1061 2147 fine
1078 2091 1200 2162 priorem
1218 2090 1357 2146 dictorum

180 2181 391 2252 congruentiam
420 2180 567 2251 paululum
595 2181 702 2237 remitti
724 2198 769 2237 res
792 2182 856 2251 ipsa
879 2180 953 2236 tulit.
997 2183 1149 2252 potuerunt
1172 2183 1267 2236 antem
1290 2179 1358 2234 illas

180 2270 324 2325 adhortari
342 2270 443 2339 uirum,
461 2270 495 2324 ut
512 2273 609 2325 tensm
628 2269 747 2341 uirginis
761 2269 862 2340 pudori
875 2273 983 2339 parcat,
1000 2272 1034 2324 ut
1047 2286 1110 2325 cum
1124 2286 1219 2324 amore
1234 2285 1357 2338 curaque

180 2363 366 2429 prosequatur
380 2375 451 2428 eam,
471 2359 517 2415 cui
535 2360 592 2414 iam
611 2359 672 2430 ipse
691 2361 729 2416 sit
746 2360 776 2414 id
795 2359 872 2430 quod
891 2363 975 2415 autea
989 2360 1093 2414 fuerim
1107 2363 1189 2430 pater
1201 2361 1357 2427 materque,

181 2466 308 2518 quaeque
337 2451 402 2503 6661
429 2447 592 2504 huiusmodi
619 2447 731 2504 similia.
774 2449 823 2504 sed
852 2447 887 2504 de
911 2447 1021 2503 ambitu
1044 2447 1162 2503 lacunae
1185 2452 1250 2519 post
1271 2465 1298 2502 6.
1323 2453 1358 2501 68

181 2538 281 2592 obuiae
306 2536 378 2592 nihil
402 2538 515 2593 omnino
538 2536 600 2592 erni
621 2540 728 2607 potest,
753 2555 816 2593 cnm
834 2535 1000 2608 praesertim
1020 2556 1087 2592 unm
1105 2538 1238 2593 iuuenum
1258 2539 1358 2592 cantus

180 2625 210 2680 16
228 2625 310 2681 161116
329 2626 367 2680 611
384 2627 494 2697 integer
511 2644 646 2697 perquam
665 2626 780 2681 dubium
800 2627 845 2682 sit.
864 2658 899 2668 —
918 2628 966 2682 18.
986 2626 1019 2681 61
1036 2628 1090 2681 tua
1103 2640 1158 2682 666
1173 2640 1275 2696 pugna
1289 2641 1358 2681 cum

181 2715 238 2770 tall
257 2715 396 2787 coniuge,
416 2715 516 2782 uirgo.
553 2715 593 2771 sic
612 2716 643 2783 Τ,
663 2718 761 2771 contra
780 2716 803 2772 V
824 2717 866 2770 ‘et
883 2718 914 2770 tn
932 2714 1010 2783 nec’;
1030 2715 1104 2770 unde
1123 2716 1210 2785 uulgo
1225 2715 1356 2770 effectum

181 2807 224 2860 est
248 2805 290 2860 ‘at
311 2807 343 2860 tu
366 2805 412 2859 ne’
438 2804 519 2874 l‘nei'
544 2822 597 2875 ego
620 2804 728 2874 prisce).
767 2805 842 2874 qood
865 2803 930 2858 ideo
949 2820 1005 2859 non
1024 2802 1105 2857 omni
1124 2802 1296 2859 dubitationi
1314 2807 1360 2859 est

181 2895 351 2963 exemptum,
366 2892 441 2962 qnod
457 2893 530 2947 ‘uec'
547 2892 709 2947 continuare
723 2892 818 2962 potuit
832 2893 964 2947 amissam
978 2891 1008 2946 in
1022 2891 1104 2947 initio
1119 2890 1355 2962 disputationem

181 2984 211 3035 61
236 2982 300 3036 16166
328 2980 404 3035 111166
435 2981 475 3035 ‘et
501 2981 584 3050 tu(a)'
615 2981 673 3036 siue
703 2979 863 3037 emendatio
886 2982 991 3051 pendet
1015 2981 1074 3036 siue
1102 2980 1260 3052 explicatio.
1303 3000 1358 3038 uox
1431 2995 1433 2998 ’

182 3071 344 3140 ‘pugnare’,
369 3087 489 3138 quacum
515 3069 617 3140 ‘uirgo’
638 3074 699 3124 arte
718 3070 862 3137 cohaeret,
887 3069 1028 3127 luctamen
1047 3070 1167 3139 indicat,
1191 3087 1247 3139 quo
1265 3089 1358 3127 nonae

180 3162 286 3229 nuptae
304 3163 402 3213 contra
419 3159 512 3213 uirum
530 3157 688 3214 intuentem
707 3160 894 3215 defendebant
911 3160 1121 3231 uirginitatem
1147 3159 1259 3230 saepius
1279 3160 1357 3216 illins

181 3248 286 3302 mentio
306 3247 336 3302 in
355 3247 555 3317 epithalamiis,
575 3250 606 3301 61
625 3249 754 3304 Dracont.
775 3255 799 3317 6,
820 3254 870 3302 107
885 3267 945 3319 sqq.
962 3249 1059 3321 [PLM.
1076 3250 1099 3304 V
1114 3267 1141 3320 p.
1159 3249 1231 3322 168].
1270 3251 1358 3319 ‘tali’,

180 3336 332 3391 uirtutibus
350 3339 409 3391 tam
429 3335 545 3405 eximio,
564 3335 682 3391 16616666
701 3338 852 3406 respondet
869 3336 1027 3408 puellarum
1046 3339 1124 3393 dicto
1140 3339 1202 3393 ‘tali
1221 3339 1357 3408 puellne’.

181 3457 214 3466 —
234 3425 283 3481 oo.
307 3441 366 3482 non
385 3438 510 3494 aequom
530 3426 578 3481 cst
596 3441 748 3498 pugnare,
771 3429 859 3496 pater
878 3426 928 3482 cul
946 3427 1075 3483 tradldlt
1094 3427 1169 3498 lpse.
1207 3428 1358 3482 subdurius

174 3517 328 3586 'suppletur
351 3517 427 3571 ‘cum
451 3515 495 3570 eo’
521 3516 567 3571 661
591 3515 651 3582 ‘ei',
676 3533 739 3569 cum
761 3515 926 3587 praesertim
950 3517 979 3571 61
1003 3517 1055 3571 ‘te’
1081 3517 1357 3588 subintellegendum

180 3604 225 3659 611
253 3622 343 3673 neque
362 3608 457 3660 166666
477 3605 526 3659 ‘ei'
547 3621 596 3674 pro
614 3605 679 3659 ‘est’
697 3604 890 3660 coniciendum
908 3607 959 3673 est,
978 3606 1112 3673 quoniam
1127 3622 1178 3661 nec
1194 3605 1244 3662 ‘ei’
1261 3623 1357 3663 mono·

181 3692 320 3763 syllabnm
344 3711 405 3749 esse
427 3709 518 3763 neque
543 3694 618 3748 ‘est’
644 3693 743 3749 abesse
766 3692 842 3764 apud
864 3699 991 3748 nostrum
1015 3698 1117 3764 potest
1162 3694 1296 3750 ‘tradere’
1322 3700 1358 3752 de

180 3783 263 3837 rebus
282 3783 397 3853 dicitur,
418 3799 489 3852 quae
509 3800 527 3837 a
545 3781 659 3836 domino
677 3782 706 3836 iu
726 3783 797 3838 alios
814 3783 1021 3838 transferuntur
1036 3785 1080 3854 (cl.
1096 3783 1212 3839 11616166
1232 3787 1298 3842 libri
1317 3787 1355 3841 ‘d

181 3869 357 3925 Privatrecht
375 3871 401 3926 d.
416 3870 545 3924 Roemer’
566 3888 593 3939 p.
609 3877 661 3924 279
676 3876 761 3941 sqq.);
782 3871 960 3942 coemptione
973 3870 1051 3927 facta
1064 3869 1121 3926 iam
1138 3872 1184 3928 die
1203 3876 1357 3931 constituto

181 3957 210 4011 iu
230 3975 327 4013 manus
345 3959 441 4013 mariti
459 3959 571 4013 deditur
590 3960 686 4029 puella
710 3976 727 4013 a
746 3960 885 4029 genitore,
912 3959 962 4030 qui
984 3960 1014 4015 in
1032 3960 1121 4015 filiam
1145 3963 1203 4017 nim
1224 3965 1258 4018 61
1280 3964 1357 4020 uitae

181 4047 221 4101 ita
244 4048 384 4102 uendendi
407 4049 505 4115 habet;
529 4049 605 4103 Mela
623 4048 648 4101 11
666 4054 697 4115 2,
716 4055 749 4103 21
775 4049 809 4104 de
828 4048 906 4104 Getis
929 4056 1068 4121 nupturae
1090 4053 1214 4121 uirgines
1236 4068 1292 4107 nors
1312 4054 1358 4125 [nt

181 4135 299 4208 Itomae]
321 4156 338 4192 a
355 4139 517 4207 parentibus
535 4139 607 4193 uiris
625 4139 791 4206 tradantur,
809 4140 856 4193 sed
870 4140 981 4208 publice
999 4145 1049 4195 arat
1073 4141 1199 4195 locantur
1217 4142 1358 4198 daoenaae

181 4230 231 4278 cat
249 4233 381 4294 amount,
402 4227 482 4282 Ouid.
500 4227 580 4297 epist.
601 4233 626 4294 8,
646 4234 679 4281 81
699 4230 810 4283 metiti
831 4229 993 4300 Tyndareus
1012 4271 1038 4283 ..
1057 4231 1188 4285 tradidit:
1207 4230 1357 4286 arbitrium

181 4317 270 4382 neptis
288 4317 402 4370 babebat
416 4333 495 4371 acas.
527 4315 651 4372 habebat
665 4319 760 4372 antem
775 4317 891 4371 traditio
906 4318 998 4372 locum
1013 4316 1042 4371 16
1057 4317 1140 4371 domo
1155 4321 1275 4386 paterna
1287 4322 1355 4374 6616

182 4400 377 4457 deductionem
397 4402 604 4473 (Marquardtus
624 4406 731 4475 antiqq.
750 4405 821 4475 prin.
841 4424 868 4475 p.
887 4409 919 4460 61
946 4407 1004 4460 not.
1024 4408 1059 4473 1).
1094 4421 1266 4475 quamquam
1287 4409 1354 4464 ‘tra-
