2940 4912
686 314 802 369 XXXIX
824 321 901 369 1-3.

717 540 872 597 XXXIX.

276 653 308 706 1.
332 651 495 720 Egnatius,
520 652 599 719 quod
623 651 766 707 caudldoe
785 651 877 707 babet
899 651 1023 725 dentes,
1047 651 1168 708 renidet
1191 666 1285 719 usque
1310 665 1384 719 qua·

209 756 278 809 que.
316 740 390 794 idem
410 742 454 794 est
471 739 622 810 Egnatius,
647 757 735 794 nouus
754 739 871 794 Lesbiae
890 744 1011 808 amator,
1035 741 1084 810 qui
1102 739 1160 795 iam
1178 739 1301 794 breuiter
1320 756 1384 809 per-

209 830 322 907 stricwn
342 831 385 883 est
402 845 425 883 c.
444 827 588 896 xxxvll;
612 847 685 883 nuuc
704 829 787 899 plane
806 829 982 899 contemptui
1000 828 1124 899 risuique
1143 829 1271 883 traditur.
1308 828 1384 883 hunc

209 918 284 973 enim
303 918 333 973 C.
351 917 421 971 facit
439 917 572 972 continuo
591 918 619 971 in
639 919 715 972 omni
735 933 764 973 re
784 920 813 972 ct
830 933 1008 987 quocumque
1028 919 1089 973 loco
1104 917 1239 989 (tragicus
1256 917 1310 971 inc.
1329 917 1384 973 inc.

209 1008 264 1062 feb.
286 1011 320 1061 78
344 1007 377 1060 Β.
400 1023 590 1076 usquequaque
613 1023 708 1076 sapere
733 1011 850 1076 oportet,
876 1005 966 1062 Plaut.
993 1007 1094 1063 Bacch„
1120 1008 1158 1062 IV
1185 1012 1215 1077 4,
1241 1011 1275 1061 83
1301 1022 1386 1076 usque

209 1114 315 1167 quoque
334 1097 463 1166 loquitur,
483 1093 540 1150 Cic.
557 1094 635 1150 Verr.
651 1095 676 1148 V
690 1101 715 1162 5,
732 1101 765 1149 10
784 1096 867 1150 rodite
885 1112 913 1149 u.
928 1112 952 1164 q.
967 1096 1060 1150 eudem
1077 1099 1214 1164 quaerere)
1233 1095 1275 1150 ita
1292 1094 1385 1149 riden-

210 1189 269 1240 tem
289 1184 391 1238 leniter
410 1199 458 1240 ore
475 1185 561 1239 hilari
579 1185 627 1252 (cf.
645 1185 711 1239 Hor.
728 1185 771 1239 od.
789 1185 813 1239 ll
828 1191 854 1252 5,
871 1191 903 1239 le
923 1187 952 1239 et
970 1185 1049 1253 1116,
1067 1191 1098 1239 12
1117 1191 1143 1240 et
1160 1186 1289 1240 adierim
1304 1201 1386 1254 prue-

209 1275 273 1328 dnm
292 1274 434 1343 torquibus
453 1274 590 1343 iudiqenis
604 1275 723 1340 renidet,
743 1271 803 1327 Liu.
823 1273 927 1328 XXXV
942 1280 990 1346 Ι49,
1011 1280 1026 1327 7
1045 1275 1122 1329 bomo
1142 1317 1165 1328 ..
1185 1275 1314 1329 renidens
1331 1275 1385 1340 ait;

210 1362 245 1417 ct.
266 1380 327 1417 cum
348 1362 401 1416 hoe
420 1362 532 1432 placido
552 1362 670 1432 mitique
694 1362 765 1430 risu,
790 1363 903 1433 qualem
927 1360 1017 1417 latina
1041 1377 1096 1416 uox
1114 1362 1233 1429 indicat,
1252 1379 1385 1432 graecum

211 1436 350 1521 μειδιᾶν),
370 1455 402 1505 ut
420 1452 507 1505 rictus
526 1451 641 1521 paulum
660 1451 791 1506 diductus
812 1452 943 1507 ostendat
960 1451 1058 1506 dentes
1074 1451 1187 1519 niueos,
1205 1451 1338 1505 nimirum
1354 1452 1387 1505 ut

211 1539 322 1593 leminis
346 1538 458 1608 placeat
486 1543 515 1593 et
537 1542 597 1593 crte
623 1539 707 1608 plane
738 1539 907 1606 meretricia;
933 1541 1058 1594 Muretus
1082 1557 1125 1610 cp.
1150 1538 1275 1595 Alexidis
1298 1538 1387 1593 uerba

211 1629 312 1682 Athen.
332 1647 360 1698 p.
376 1634 441 1684 ⁶68⁰
461 1624 577 1696 εὐφυεῖς
601 1623 722 1690 ὀδόντας
742 1627 835 1698 ἔσχεν,
861 1625 890 1695 ἐξ
910 1624 1037 1698 ἀνάγκης
1060 1632 1110 1684 δεῖ
1124 1628 1224 1698 γελᾶν,
1243 1630 1292 1682 ἴνα
1311 1630 1386 1682 θεω-

211 1724 288 1786 ροῖεν
313 1715 343 1772 οἱ
364 1717 504 1785 παρόντες
527 1715 557 1770 τὸ
579 1717 674 1787 στῶμα
693 1713 731 1779 ὡς
756 1713 867 1786 κομψὸν
887 1726 983 1787 φορεῖ,
1008 1718 1089 1774 Ouid.
1109 1736 1134 1773 a.
1154 1736 1179 1772 a
1199 1717 1238 1771 ΙΙΙ
1258 1723 1311 1772 283
1329 1720 1387 1772 siut

210 1808 311 1860 modici
329 1808 415 1861 rictus
432 1823 589 1875 paruoeque
612 1809 748 1876 utrimque
771 1808 898 1874 lacunae,
917 1813 941 1861 et
964 1823 1081 1863 sunrrnoe
1099 1809 1189 1863 deden
1207 1809 1264 1861 ima
1288 1807 1388 1861 labella

211 1901 318 1965 teqant,
338 1896 428 1949 l'lnut.
450 1895 529 1950 Truc.
551 1895 575 1948 ll
597 1900 678 1962 1,14
703 1896 781 1950 bonis
803 1912 857 1950 eece
875 1901 978 1965 oportet
1000 1897 1129 1951 dentibus
1152 1897 1241 1950 lenem
1260 1895 1388 1964 potum,

212 1987 337 2040 adridere
359 1987 483 2055 quisquis
506 1985 600 2038 ueur'eu
625 1984 671 2050 (cl.
691 1986 720 2038 et
738 1985 819 2039 Mart
840 1985 863 2039 ll
884 1991 917 2038 41
942 1989 971 2039 et
989 1985 1027 2039 ΙΙΙ
1046 1988 1101 2051 10).
1122 2015 1154 2025 —
1173 1983 1207 2057 2,
1227 1983 1256 2042 8.
1281 1984 1327 2039 sel
1350 1983 1388 2038 ad

213 2074 259 2129 rel
284 2076 406 2128 uentum
429 2076 476 2128 est
499 2072 681 2144 sabaudum,
705 2088 771 2128 cum
790 2075 896 2129 orator
914 2073 1030 2130 excitat
1048 2074 1163 2129 fletum.
1202 2073 1274 2127 ‘sei’
1296 2074 1388 2143 prisce

213 2179 263 2233 pro
284 2162 331 2216 ‘si’
352 2163 473 2232 positum
495 2162 540 2216 hic
560 2161 685 2216 seruauit
703 2159 740 2230 θ,
761 2163 890 2218 sollemni
908 2162 979 2217 uitio
993 2165 1023 2216 et
1036 2163 1209 2218 intolerabili
1225 2180 1287 2218 cum
1304 2180 1385 2232 syna-

213 2250 314 2322 loephe
335 2251 415 2306 ‘seu'
440 2252 558 2320 praebet
577 2248 609 2306 G.
647 2267 698 2306 nec
717 2250 809 2305 minus
833 2269 867 2306 ex
891 2252 1018 2307 codicum
1040 2251 1170 2307 ductibus
1189 2250 1328 2306 elicienda
1346 2256 1391 2306 est

213 2341 305 2411 prisce
331 2339 420 2396 forme
447 2338 642 2407 ‘subselium’,
669 2340 747 2395 cuius
774 2341 902 2411 exempla
926 2341 990 2396 dedi
1016 2341 1046 2396 in
1069 2339 1205 2397 Fleckeis.
1229 2357 1292 2395 aun.
1319 2345 1389 2395 leet

214 2447 240 2499 p.
257 2435 316 2484 786.
354 2428 491 2485 subsellia
510 2446 563 2484 non
584 2428 706 2483 iudicum
727 2431 830 2495 selum,
860 2431 908 2485 ced
928 2431 1013 2485 etiam
1032 2432 1227 2500 patronorum,
1247 2434 1389 2484 accusato·

213 2538 288 2587 rum,
307 2536 416 2575 reorum
436 2523 528 2586 erant;
549 2519 667 2589 Vulpius
686 2535 728 2589 cp.
749 2519 861 2575 dicad
882 2519 948 2575 sum.
964 2519 1029 2572 Vlll
1049 2525 1073 2587 8,
1096 2528 1108 2574 1
1129 2525 1159 2575 at
1176 2536 1224 2589 eqo
1242 2521 1391 2575 inuocetue

213 2610 250 2663 ud
268 2610 397 2663 subsellia
415 2611 456 2663 τεν·
473 2625 592 2662 occurro.
631 2607 745 2663 difficile
765 2613 809 2662 cst
831 2609 922 2676 dictu,
947 2609 1079 2678 quidnam
1099 2608 1153 2663 sibi
1177 2608 1248 2663 uelit
1268 2605 1304 2661 ‘si
1322 2625 1390 2662 uen-

213 2700 274 2753 tum
297 2697 367 2751 est'.
410 2697 547 2764 Muretus,
571 2695 618 2764 qui
643 2697 718 2751 solus
742 2697 882 2767 explicere
906 2698 1037 2767 dignatus
1063 2699 1116 2764 eet,
1141 2698 1261 2751 adnotet
1285 2696 1390 2767 ‘siquis

215 2804 277 2840 eum
298 2787 406 2839 amicus
425 2785 454 2838 in
477 2786 557 2854 graui
576 2784 673 2852 aliqua
691 2801 776 2839 causa
793 2785 956 2854 periclitans
980 2786 1148 2840 aduocatum
1173 2785 1290 2866 adduxit
1308 2786 1390 2841 sibi’.

214 2892 286 2944 quae
305 2874 462 2928 refutentur
481 2873 574 2927 uerbis
596 2875 675 2927 ‘cum
696 2915 720 2926 ..
740 2874 864 2940 fletum’,
886 2876 987 2942 quibus
1010 2874 1180 2931 describitur
1206 2879 1341 2945 patronus
1359 2875 1390 2930 in

214 2962 392 3033 peroratione
418 2980 513 3016 omues
543 2962 719 3032 eloquentiae
748 2967 823 3018 artes
851 2964 1064 3019 admouens‘ad
1092 2963 1312 3019 misericordiam
1342 2983 1390 3020 reo

214 3051 419 3107 conciliandam
445 3052 607 3119 animosque
627 3051 786 3106 auditorum
810 3053 846 3105 ud
866 3053 995 3107 lacrimas
1014 3070 1101 3121 usquc
1126 3053 1263 3120 alliciens3
1283 3053 1341 3109 eie.
1361 3072 1390 3124 p.

216 3141 285 3196 Sest.
307 3146 348 3208 57,
370 3147 418 3194 121
444 3142 485 3193 sic
508 3142 561 3209 epit
581 3145 613 3193 ut
632 3181 656 3194 ..
675 3142 767 3207 fletum
784 3143 866 3195 etium
884 3142 1006 3195 inimicis
1025 3147 1106 3210 utque
1124 3143 1232 3197 inuidis
1250 3144 1390 3199 excitaret.

215 3232 271 3284 inm
292 3230 397 3284 dudum
418 3228 570 3282 aduncatus
590 3229 670 3282 adest
687 3229 715 3282 in
734 3228 847 3297 iudicio,
867 3247 928 3284 cum
945 3229 1015 3284 hacc
1030 3230 1171 3299 peroratio
1185 3231 1286 3301 incipit
1300 3233 1392 3302 (prae-

216 3324 306 3387 terea,
326 3317 350 3371 si
369 3319 406 3373 ad
425 3318 576 3388 Egnatium
595 3318 767 3386 referuntur,
791 3318 885 3388 potius
910 3319 1018 3373 ‘uenit'
1045 3319 1222 3374 scribendum
1246 3322 1327 3384 erat).
1363 3325 1395 3377 et

216 3408 289 3463 idem
310 3408 434 3462 Muretus
453 3423 517 3461 mox
536 3405 661 3461 adiciens
681 3408 760 3461 ‘eum
780 3409 816 3462 nd
836 3426 896 3462 eam
917 3406 1052 3463 orationis
1076 3413 1186 3478 partem
1204 3413 1320 3465 uentum
1340 3412 1393 3478 est,

216 3515 296 3551 cum.
310 3497 340 3563 .’,
360 3512 469 3550 summe
488 3514 538 3552 sua
557 3497 717 3552 contusione
736 3498 917 3552 difficultates
931 3498 1022 3552 adhuc
1037 3515 1092 3551 non
1106 3501 1270 3568 perspectas
1284 3500 1393 3555 inuitus

217 3580 371 3654 nolensque
397 3586 540 3655 patefecit.
579 3585 753 3655 persequitur
776 3589 862 3656 poeta
885 3585 955 3640 illud
976 3587 1204 3655 ‘usquequaque’
1225 3588 1280 3643 hoc
1297 3589 1393 3658 medo,

217 3679 250 3729 ut
267 3676 323 3729 duo
347 3674 475 3744 exempla
499 3691 583 3743 quam
606 3675 835 3730 manifestissima
859 3676 931 3730 risus
950 3678 1037 3744 inepti
1057 3675 1196 3745 proterat:
1221 3695 1254 3731 ex
1278 3694 1393 3750 compa·

217 3768 279 3817 rate
294 3764 384 3817 altero
400 3763 524 3816 membro
540 3762 575 3816 ‘si
591 3763 626 3815 ud
641 3777 738 3831 rogum
754 3762 793 3832 pii
811 3763 861 3817 filii
877 3763 997 3833 lugetur,
1016 3780 1078 3816 cum
1094 3763 1142 3818 flet
1155 3766 1256 3820 matcr’
1273 3770 1395 3836 apparet

217 3852 285 3923 quid
304 3853 334 3906 in
352 3853 444 3921 priore
462 3852 665 3919 expectandum
691 3850 741 3919 sit,
760 3852 891 3906 nimirum
911 3852 963 3906 hoc
984 3852 1053 3907 lere:
1079 3853 1178 3907 eiiam
1197 3853 1233 3908 ad
1252 3872 1392 3910 summum

217 3939 368 3995 discrimen
387 3955 472 3994 causa
489 3941 614 3993 accusati
633 3942 762 4011 peruenit
779 3946 809 3995 et
827 3940 875 4008 qui
894 3941 920 3995 ei
939 3942 1041 3995 adeunt
1061 3942 1155 4008 (amici
1174 3942 1393 4014 propinquique)

217 4032 291 4086 inter
310 4047 388 4099 spem
408 4034 569 4096 metumque
588 4030 665 4084 dubii
680 4031 810 4099 haerent,
829 4048 892 4084 cum
907 4034 1041 4099 patronus
1061 4031 1137 4084 omni
1152 4046 1238 4100 opera
1255 4031 1395 4088 incumbit

218 4121 254 4173 ed
269 4120 392 4174 iudicum
406 4120 515 4172 animos
529 4119 733 4188 percutiendos.
762 4119 880 4174 uideant
893 4120 955 4187 alii,
972 4137 1036 4174 uum
1051 4119 1244 4189 probabiliora
1259 4122 1394 4177 alitteris

218 4208 344 4262 inuenire
363 4208 481 4277 possint:
502 4208 571 4261 mihi
591 4208 745 4277 ‘pendent’
767 4227 821 4263 uon
841 4210 1016 4263 intellectum
1036 4225 1052 4261 a
1071 4208 1193 4263 librariis
1212 4210 1240 4264 in
1261 4211 1394 4267 'uentum

219 4297 272 4350 est'
294 4303 452 4366 corruptum
471 4314 532 4350 esse
548 4298 671 4363 uidetur;
691 4297 797 4350 dictum
813 4302 857 4352 est
871 4297 940 4350 illud
955 4298 1180 4365 impersonaliter
1194 4299 1279 4367 plane
1294 4302 1394 4356 eodem

219 4385 316 4452 modo,
340 4401 394 4454 quo
419 4404 482 4440 mox
503 4386 662 4458 ‘lugetur’3
686 4404 736 4441 ucc
755 4387 837 4441 aliter
860 4403 942 4455 squam
967 4404 993 4441 u.
1013 4392 1028 4438 4
1049 4386 1118 4438 ‘ad‘
1144 4387 1253 4444 indicat
1276 4389 1393 4446 circum·
