<?xml version="1.0" encoding="UTF-8"?>
<!DOCTYPE html PUBLIC "-//W3C//DTD XHTML 1.0 Transitional//EN"
    "http://www.w3.org/TR/xhtml1/DTD/xhtml1-transitional.dtd">
<html xmlns="http://www.w3.org/1999/xhtml" xml:lang="en" lang="en">
 <head>
  <title>
</title>
<meta http-equiv="Content-Type" content="text/html;charset=utf-8" />
  <meta name='ocr-system' content='tesseract 3.04.00' />
  <meta name='ocr-capabilities' content='ocr_page ocr_carea ocr_par ocr_line ocrx_word'/>
</head>
<body>
  <div class='ocr_page' id='page_1' title='image "./catulliveronens00baehgoog_0626.png"; bbox 0 0 2940 4912; ppageno 0'>
   <div class='ocr_carea' id='block_1_1' title="bbox 634 315 1316 379">
    <p class='ocr_par' dir='ltr' id='par_1_1' title="bbox 634 315 1316 379">
     <span class='ocr_line' id='line_1_1' title="bbox 634 315 1316 379; baseline 0.01 -6"><span class='ocrx_word' id='word_1_1' title='bbox 634 317 722 373; x_wconf 82' lang='lat' dir='ltr'>CXIII</span> <span class='ocrx_word' id='word_1_2' title='bbox 740 321 817 371; x_wconf 77' lang='lat'>2-4.</span> <span class='ocrx_word' id='word_1_3' title='bbox 1251 315 1316 379; x_wconf 83' lang='lat'><strong>603</strong></span> 
     </span>
    </p>
   </div>
   <div class='ocr_carea' id='block_1_2' title="bbox 140 477 1393 4466">
    <p class='ocr_par' dir='ltr' id='par_1_2' title="bbox 140 477 1393 4466">
     <span class='ocr_line' id='line_1_2' title="bbox 141 477 1316 551; baseline -0.005 -14"><span class='ocrx_word' id='word_1_4' title='bbox 141 483 196 537; x_wconf 90' lang='lat' dir='ltr'><strong>hoc</strong></span> <span class='ocrx_word' id='word_1_5' title='bbox 214 480 302 551; x_wconf 79' lang='lat' dir='ltr'><strong>igitur</strong></span> <span class='ocrx_word' id='word_1_6' title='bbox 320 481 376 535; x_wconf 91' lang='lat' dir='ltr'><strong>duo</strong></span> <span class='ocrx_word' id='word_1_7' title='bbox 394 479 591 534; x_wconf 88' lang='lat' dir='ltr'><strong>tantummodo</strong></span> <span class='ocrx_word' id='word_1_8' title='bbox 609 480 750 534; x_wconf 85' lang='lat' dir='ltr'><strong>amatores</strong></span> <span class='ocrx_word' id='word_1_9' title='bbox 769 479 850 533; x_wconf 88' lang='lat' dir='ltr'><strong>erant</strong></span> <span class='ocrx_word' id='word_1_10' title='bbox 869 477 1031 532; x_wconf 55' lang='lat' dir='ltr'><strong>‘desiliret</strong></span> <span class='ocrx_word' id='word_1_11' title='bbox 1060 477 1159 533; x_wconf 87' lang='lat' dir='ltr'><strong>dicunt</strong></span> <span class='ocrx_word' id='word_1_12' title='bbox 1177 477 1264 533; x_wconf 83' lang='lat' dir='ltr'><strong>latine</strong></span> <span class='ocrx_word' id='word_1_13' title='bbox 1282 477 1316 532; x_wconf 91' lang='lat' dir='ltr'><strong>de</strong></span> 
     </span>
     <span class='ocr_line' id='line_1_3' title="bbox 140 565 1317 636; baseline -0.003 -11"><span class='ocrx_word' id='word_1_14' title='bbox 140 569 340 626; x_wconf 71' lang='lat' dir='ltr'><strong>commixtione</strong></span> <span class='ocrx_word' id='word_1_15' title='bbox 364 583 484 623; x_wconf 88' lang='lat' dir='ltr'><strong>uenerea</strong></span> <span class='ocrx_word' id='word_1_16' title='bbox 508 568 612 623; x_wconf 79' lang='lat' dir='ltr'><strong>‘solere</strong></span> <span class='ocrx_word' id='word_1_17' title='bbox 636 583 700 622; x_wconf 90' lang='lat' dir='ltr'><strong>cum</strong></span> <span class='ocrx_word' id='word_1_18' title='bbox 723 566 819 636; x_wconf 91' lang='lat' dir='ltr'><strong>aliquo</strong></span> <span class='ocrx_word' id='word_1_19' title='bbox 843 565 964 636; x_wconf 85' lang='lat' dir='ltr'><strong>(-qua)’:</strong></span> <span class='ocrx_word' id='word_1_20' title='bbox 988 566 1079 621; x_wconf 88' lang='lat' dir='ltr'><strong>Plaut</strong></span> <span class='ocrx_word' id='word_1_21' title='bbox 1104 565 1170 621; x_wconf 77' lang='lat' dir='ltr'><strong>cist.</strong></span> <span class='ocrx_word' id='word_1_22' title='bbox 1195 568 1207 621; x_wconf 94' lang='lat' dir='ltr'><strong>l</strong></span> <span class='ocrx_word' id='word_1_23' title='bbox 1233 573 1262 634; x_wconf 86' lang='lat'><strong>1,</strong></span> <span class='ocrx_word' id='word_1_24' title='bbox 1283 571 1317 621; x_wconf 84' lang='grc'><strong>38</strong></span> 
     </span>
     <span class='ocr_line' id='line_1_4' title="bbox 141 655 1317 728; baseline -0.003 -14"><span class='ocrx_word' id='word_1_25' title='bbox 141 660 214 714; x_wconf 78' lang='lat' dir='ltr'><strong>sirie</strong></span> <span class='ocrx_word' id='word_1_26' title='bbox 232 674 294 714; x_wconf 86' lang='lat' dir='ltr'><strong>cum</strong></span> <span class='ocrx_word' id='word_1_27' title='bbox 311 659 370 713; x_wconf 74' lang='lat' dir='ltr'><strong>ecio</strong></span> <span class='ocrx_word' id='word_1_28' title='bbox 383 659 551 728; x_wconf 73' lang='lat' dir='ltr'><strong>praedicant</strong></span> <span class='ocrx_word' id='word_1_29' title='bbox 568 672 618 712; x_wconf 78' lang='lat' dir='ltr'><strong>noo</strong></span> <span class='ocrx_word' id='word_1_30' title='bbox 635 657 731 724; x_wconf 71' lang='lat' dir='ltr'><strong>solae,</strong></span> <span class='ocrx_word' id='word_1_31' title='bbox 755 655 846 710; x_wconf 90' lang='lat' dir='ltr'><strong>nudus</strong></span> <span class='ocrx_word' id='word_1_32' title='bbox 864 655 1006 710; x_wconf 91' lang='lat' dir='ltr'><strong>ablatiuus</strong></span> <span class='ocrx_word' id='word_1_33' title='bbox 1029 655 1147 711; x_wconf 80' lang='lat' dir='ltr'><strong>tortasse</strong></span> <span class='ocrx_word' id='word_1_34' title='bbox 1166 655 1317 710; x_wconf 90' lang='lat' dir='ltr'><strong>secundum</strong></span> 
     </span>
     <span class='ocr_line' id='line_1_5' title="bbox 140 745 1317 816; baseline -0.002 -14"><span class='ocrx_word' id='word_1_35' title='bbox 140 748 203 802; x_wconf 84' lang='lat' dir='ltr'><strong>Ter.</strong></span> <span class='ocrx_word' id='word_1_36' title='bbox 223 747 275 802; x_wconf 76' lang='lat' dir='ltr'><strong>Ad.</strong></span> <span class='ocrx_word' id='word_1_37' title='bbox 291 746 329 800; x_wconf 86' lang='lat' dir='ltr'><strong>lv</strong></span> <span class='ocrx_word' id='word_1_38' title='bbox 344 752 369 814; x_wconf 76' lang='grc' dir='ltr'><strong>ὁ,</strong></span> <span class='ocrx_word' id='word_1_39' title='bbox 386 752 419 800; x_wconf 79' lang='lat'><strong>32</strong></span> <span class='ocrx_word' id='word_1_40' title='bbox 439 747 551 802; x_wconf 84' lang='lat' dir='ltr'><strong>delendi</strong></span> <span class='ocrx_word' id='word_1_41' title='bbox 570 748 676 816; x_wconf 88' lang='lat' dir='ltr'><strong>potest,</strong></span> <span class='ocrx_word' id='word_1_42' title='bbox 696 745 744 800; x_wconf 91' lang='lat' dir='ltr'><strong>ubi</strong></span> <span class='ocrx_word' id='word_1_43' title='bbox 764 745 916 800; x_wconf 89' lang='lat' dir='ltr'><strong>Bembinus</strong></span> <span class='ocrx_word' id='word_1_44' title='bbox 934 746 982 814; x_wconf 77' lang='lat' dir='ltr'><strong>qui</strong></span> <span class='ocrx_word' id='word_1_45' title='bbox 1000 745 1052 800; x_wconf 83' lang='lat' dir='ltr'><strong>illc</strong></span> <span class='ocrx_word' id='word_1_46' title='bbox 1070 745 1212 800; x_wconf 74' lang='lat' dir='ltr'><strong>consueuit</strong></span> <span class='ocrx_word' id='word_1_47' title='bbox 1226 745 1317 814; x_wconf 75' lang='lat' dir='ltr'><strong>prior,</strong></span> 
     </span>
     <span class='ocr_line' id='line_1_6' title="bbox 144 830 1315 905; baseline -0.003 -15"><span class='ocrx_word' id='word_1_48' title='bbox 144 833 242 905; x_wconf 86' lang='lat' dir='ltr'><strong>(ceteri</strong></span> <span class='ocrx_word' id='word_1_49' title='bbox 261 834 342 889; x_wconf 88' lang='lat' dir='ltr'><strong>codd.</strong></span> <span class='ocrx_word' id='word_1_50' title='bbox 366 830 492 904; x_wconf 75' lang='grc' dir='ltr'><em>ἀμέτρως</em></span> <span class='ocrx_word' id='word_1_51' title='bbox 513 835 573 902; x_wconf 84' lang='lat' dir='ltr'><strong>‘qui</strong></span> <span class='ocrx_word' id='word_1_52' title='bbox 591 852 654 890; x_wconf 86' lang='lat' dir='ltr'><strong>cnm</strong></span> <span class='ocrx_word' id='word_1_53' title='bbox 673 832 745 901; x_wconf 90' lang='lat' dir='ltr'><strong>illa’,</strong></span> <span class='ocrx_word' id='word_1_54' title='bbox 765 834 892 889; x_wconf 89' lang='lat' dir='ltr'><strong>Donatus</strong></span> <span class='ocrx_word' id='word_1_55' title='bbox 915 831 1023 888; x_wconf 83' lang='lat' dir='ltr'><strong>uariam</strong></span> <span class='ocrx_word' id='word_1_56' title='bbox 1042 833 1192 888; x_wconf 89' lang='lat' dir='ltr'><strong>lectionem</strong></span> <span class='ocrx_word' id='word_1_57' title='bbox 1213 832 1315 887; x_wconf 82' lang='lat' dir='ltr'><strong>‘illam&#39;</strong></span> 
     </span>
     <span class='ocr_line' id='line_1_7' title="bbox 144 921 1318 992; baseline -0.002 -13"><span class='ocrx_word' id='word_1_58' title='bbox 144 923 238 979; x_wconf 83' lang='lat' dir='ltr'><strong>adfert</strong></span> <span class='ocrx_word' id='word_1_59' title='bbox 255 923 330 978; x_wconf 88' lang='lat' dir='ltr'><strong>male</strong></span> <span class='ocrx_word' id='word_1_60' title='bbox 353 939 469 977; x_wconf 87' lang='lat' dir='ltr'><strong>monens</strong></span> <span class='ocrx_word' id='word_1_61' title='bbox 492 928 516 978; x_wconf 84' lang='lat' dir='ltr'><strong>et</strong></span> <span class='ocrx_word' id='word_1_62' title='bbox 535 924 661 978; x_wconf 80' lang='lat' dir='ltr'><strong>dicebant</strong></span> <span class='ocrx_word' id='word_1_63' title='bbox 682 929 783 977; x_wconf 68' lang='lat' dir='ltr'><strong>ederes</strong></span> <span class='ocrx_word' id='word_1_64' title='bbox 803 923 889 978; x_wconf 76' lang='lat' dir='ltr'><strong>‘lurco</strong></span> <span class='ocrx_word' id='word_1_65' title='bbox 911 938 967 976; x_wconf 84' lang='lat' dir='ltr'><strong>rem</strong></span> <span class='ocrx_word' id='word_1_66' title='bbox 985 923 1166 992; x_wconf 74' lang='lat' dir='ltr'><strong>consueuit’):</strong></span> <span class='ocrx_word' id='word_1_67' title='bbox 1185 921 1318 977; x_wconf 88' lang='lat' dir='ltr'><strong>nimirum</strong></span> 
     </span>
     <span class='ocr_line' id='line_1_8' title="bbox 143 1009 1316 1082; baseline -0.003 -14"><span class='ocrx_word' id='word_1_68' title='bbox 143 1012 208 1068; x_wconf 81' lang='lat' dir='ltr'><strong>‘uti’</strong></span> <span class='ocrx_word' id='word_1_69' title='bbox 229 1011 276 1066; x_wconf 89' lang='lat' dir='ltr'><strong>uel</strong></span> <span class='ocrx_word' id='word_1_70' title='bbox 295 1009 373 1066; x_wconf 82' lang='lat' dir='ltr'><strong>‘frui’</strong></span> <span class='ocrx_word' id='word_1_71' title='bbox 395 1012 582 1081; x_wconf 89' lang='lat' dir='ltr'><strong>supplendum</strong></span> <span class='ocrx_word' id='word_1_72' title='bbox 600 1012 644 1066; x_wconf 88' lang='lat' dir='ltr'><strong>est</strong></span> <span class='ocrx_word' id='word_1_73' title='bbox 663 1013 756 1065; x_wconf 89' lang='lat' dir='ltr'><strong>mente</strong></span> <span class='ocrx_word' id='word_1_74' title='bbox 771 1013 830 1065; x_wconf 89' lang='lat' dir='ltr'><strong>tam</strong></span> <span class='ocrx_word' id='word_1_75' title='bbox 844 1009 891 1065; x_wconf 89' lang='lat' dir='ltr'><strong>hic</strong></span> <span class='ocrx_word' id='word_1_76' title='bbox 906 1029 991 1079; x_wconf 89' lang='lat' dir='ltr'><strong>quam</strong></span> <span class='ocrx_word' id='word_1_77' title='bbox 1006 1012 1081 1082; x_wconf 84' lang='lat' dir='ltr'><strong>apud</strong></span> <span class='ocrx_word' id='word_1_78' title='bbox 1095 1013 1222 1066; x_wconf 89' lang='lat' dir='ltr'><strong>nostrum</strong></span> <span class='ocrx_word' id='word_1_79' title='bbox 1237 1011 1316 1082; x_wconf 87' lang='lat' dir='ltr'><strong>(Hor.</strong></span> 
     </span>
     <span class='ocr_line' id='line_1_9' title="bbox 142 1099 1349 1177; baseline -0.002 -19"><span class='ocrx_word' id='word_1_80' title='bbox 142 1102 223 1172; x_wconf 89' lang='lat' dir='ltr'><strong>epod.</strong></span> <span class='ocrx_word' id='word_1_81' title='bbox 250 1106 296 1168; x_wconf 80' lang='lat'><strong>12,</strong></span> <span class='ocrx_word' id='word_1_82' title='bbox 320 1106 353 1155; x_wconf 77' lang='lat'><strong>15</strong></span> <span class='ocrx_word' id='word_1_83' title='bbox 377 1101 525 1155; x_wconf 75' lang='lat' dir='ltr'><strong>Inachium</strong></span> <span class='ocrx_word' id='word_1_84' title='bbox 551 1105 592 1154; x_wconf 84' lang='lat' dir='ltr'><strong>ter</strong></span> <span class='ocrx_word' id='word_1_85' title='bbox 614 1105 691 1154; x_wconf 82' lang='lat' dir='ltr'><strong>nocte</strong></span> <span class='ocrx_word' id='word_1_86' title='bbox 715 1103 792 1168; x_wconf 80' lang='lat' dir='ltr'><strong>petes</strong></span> <span class='ocrx_word' id='word_1_87' title='bbox 815 1099 914 1168; x_wconf 84' lang='lat' dir='ltr'>supple</span> <span class='ocrx_word' id='word_1_88' title='bbox 939 1100 1103 1168; x_wconf 79' lang='lat' dir='ltr'><strong>‘intuere&#39;).</strong></span> <span class='ocrx_word' id='word_1_89' title='bbox 1144 1100 1204 1155; x_wconf 93' lang='lat' dir='ltr'><strong>sine</strong></span> <span class='ocrx_word' id='word_1_90' title='bbox 1233 1100 1318 1155; x_wconf 89' lang='lat' dir='ltr'><strong>dubio</strong></span> <span class='ocrx_word' id='word_1_91' title='bbox 1346 1170 1349 1177; x_wconf 19' lang='lat'>²</span> 
     </span>
     <span class='ocr_line' id='line_1_10' title="bbox 142 1188 1318 1258; baseline -0.004 -11"><span class='ocrx_word' id='word_1_92' title='bbox 142 1194 238 1247; x_wconf 88' lang='lat' dir='ltr'><strong>autem</strong></span> <span class='ocrx_word' id='word_1_93' title='bbox 258 1189 395 1244; x_wconf 80' lang='lat' dir='ltr'><strong>‘Mecilia’</strong></span> <span class='ocrx_word' id='word_1_94' title='bbox 416 1189 564 1258; x_wconf 80' lang='lat' dir='ltr'><strong>legebatur</strong></span> <span class='ocrx_word' id='word_1_95' title='bbox 581 1190 610 1243; x_wconf 92' lang='lat' dir='ltr'><strong>in</strong></span> <span class='ocrx_word' id='word_1_96' title='bbox 625 1188 662 1254; x_wconf 81' lang='lat' dir='ltr'><strong>v;</strong></span> <span class='ocrx_word' id='word_1_97' title='bbox 681 1189 710 1242; x_wconf 93' lang='lat' dir='ltr'><strong>in</strong></span> <span class='ocrx_word' id='word_1_98' title='bbox 729 1205 786 1256; x_wconf 89' lang='lat' dir='ltr'><strong>qua</strong></span> <span class='ocrx_word' id='word_1_99' title='bbox 804 1188 962 1246; x_wconf 76' lang='lat' dir='ltr'><strong>lectionetl</strong></span> <span class='ocrx_word' id='word_1_100' title='bbox 982 1207 1046 1245; x_wconf 91' lang='lat' dir='ltr'><strong>oum</strong></span> <span class='ocrx_word' id='word_1_101' title='bbox 1064 1189 1143 1246; x_wconf 91' lang='lat' dir='ltr'><strong>codd.</strong></span> <span class='ocrx_word' id='word_1_102' title='bbox 1163 1188 1318 1244; x_wconf 87' lang='lat' dir='ltr'><strong>iunioribus</strong></span> 
     </span>
     <span class='ocr_line' id='line_1_11' title="bbox 142 1276 1318 1348; baseline -0.002 -13"><span class='ocrx_word' id='word_1_103' title='bbox 142 1278 296 1347; x_wconf 75' lang='lat' dir='ltr'><strong>consentit,</strong></span> <span class='ocrx_word' id='word_1_104' title='bbox 319 1280 352 1332; x_wconf 89' lang='lat' dir='ltr'><strong>nt</strong></span> <span class='ocrx_word' id='word_1_105' title='bbox 376 1278 405 1333; x_wconf 90' lang='lat' dir='ltr'><strong>in</strong></span> <span class='ocrx_word' id='word_1_106' title='bbox 425 1276 463 1346; x_wconf 76' lang='lat' dir='ltr'><strong>G,</strong></span> <span class='ocrx_word' id='word_1_107' title='bbox 488 1276 537 1346; x_wconf 88' lang='lat' dir='ltr'><strong>qui</strong></span> <span class='ocrx_word' id='word_1_108' title='bbox 557 1276 693 1333; x_wconf 77' lang='lat' dir='ltr'><strong>‘Mecilia&#39;</strong></span> <span class='ocrx_word' id='word_1_109' title='bbox 715 1277 824 1345; x_wconf 82' lang='lat' dir='ltr'><strong>scribit,</strong></span> <span class='ocrx_word' id='word_1_110' title='bbox 849 1279 959 1347; x_wconf 81' lang='lat' dir='ltr'><strong>uirgula</strong></span> <span class='ocrx_word' id='word_1_111' title='bbox 982 1278 1072 1334; x_wconf 86' lang='lat' dir='ltr'><strong>inlata</strong></span> <span class='ocrx_word' id='word_1_112' title='bbox 1095 1294 1155 1333; x_wconf 89' lang='lat' dir='ltr'><strong>esse</strong></span> <span class='ocrx_word' id='word_1_113' title='bbox 1178 1278 1318 1348; x_wconf 90' lang='lat' dir='ltr'><strong>uideatur,</strong></span> 
     </span>
     <span class='ocr_line' id='line_1_12' title="bbox 143 1364 1319 1438; baseline -0.001 -15"><span class='ocrx_word' id='word_1_114' title='bbox 143 1371 293 1438; x_wconf 88' lang='lat' dir='ltr'><strong>postquam</strong></span> <span class='ocrx_word' id='word_1_115' title='bbox 312 1366 393 1421; x_wconf 86' lang='lat' dir='ltr'><strong>codd.</strong></span> <span class='ocrx_word' id='word_1_116' title='bbox 412 1365 552 1421; x_wconf 88' lang='lat' dir='ltr'><strong>iuniorum</strong></span> <span class='ocrx_word' id='word_1_117' title='bbox 572 1366 715 1434; x_wconf 88' lang='lat' dir='ltr'><strong>exemplar</strong></span> <span class='ocrx_word' id='word_1_118' title='bbox 734 1364 798 1420; x_wconf 92' lang='lat' dir='ltr'><strong>inde</strong></span> <span class='ocrx_word' id='word_1_119' title='bbox 813 1368 857 1421; x_wconf 90' lang='lat' dir='ltr'><strong>est</strong></span> <span class='ocrx_word' id='word_1_120' title='bbox 870 1365 1051 1436; x_wconf 86' lang='lat' dir='ltr'><strong>descriptum.</strong></span> <span class='ocrx_word' id='word_1_121' title='bbox 1080 1366 1215 1422; x_wconf 81' lang='lat' dir='ltr'><strong>seminam</strong></span> <span class='ocrx_word' id='word_1_122' title='bbox 1227 1366 1319 1437; x_wconf 85' lang='lat' dir='ltr'><strong>ipsam</strong></span> 
     </span>
     <span class='ocr_line' id='line_1_13' title="bbox 142 1453 1318 1527; baseline 0.001 -17"><span class='ocrx_word' id='word_1_123' title='bbox 142 1456 248 1527; x_wconf 89' lang='lat' dir='ltr'><strong>primus</strong></span> <span class='ocrx_word' id='word_1_124' title='bbox 266 1454 422 1509; x_wconf 87' lang='lat' dir='ltr'><strong>Pleitnerus</strong></span> <span class='ocrx_word' id='word_1_125' title='bbox 442 1471 505 1509; x_wconf 86' lang='lat' dir='ltr'><strong>rara</strong></span> <span class='ocrx_word' id='word_1_126' title='bbox 523 1453 694 1522; x_wconf 84' lang='lat' dir='ltr'><strong>insolitaque</strong></span> <span class='ocrx_word' id='word_1_127' title='bbox 713 1454 784 1510; x_wconf 84' lang='lat' dir='ltr'><strong>alias</strong></span> <span class='ocrx_word' id='word_1_128' title='bbox 802 1454 940 1510; x_wconf 82' lang='lat' dir='ltr'><strong>felicitate</strong></span> <span class='ocrx_word' id='word_1_129' title='bbox 955 1455 1097 1511; x_wconf 80' lang='lat' dir='ltr'><strong>intellexit</strong></span> <span class='ocrx_word' id='word_1_130' title='bbox 1114 1455 1173 1510; x_wconf 90' lang='lat' dir='ltr'><strong>dici</strong></span> <span class='ocrx_word' id='word_1_131' title='bbox 1187 1455 1318 1525; x_wconf 84' lang='lat' dir='ltr'><strong>Muciam,</strong></span> 
     </span>
     <span class='ocr_line' id='line_1_14' title="bbox 142 1541 1317 1615; baseline -0.001 -15"><span class='ocrx_word' id='word_1_132' title='bbox 142 1545 258 1614; x_wconf 88' lang='lat' dir='ltr'><strong>Pompei</strong></span> <span class='ocrx_word' id='word_1_133' title='bbox 277 1559 392 1599; x_wconf 83' lang='lat' dir='ltr'><strong>uxorem</strong></span> <span class='ocrx_word' id='word_1_134' title='bbox 410 1542 537 1610; x_wconf 80' lang='lat' dir='ltr'><strong>tertiam,</strong></span> <span class='ocrx_word' id='word_1_135' title='bbox 557 1542 617 1597; x_wconf 89' lang='lat' dir='ltr'><strong>nita</strong></span> <span class='ocrx_word' id='word_1_136' title='bbox 636 1542 823 1598; x_wconf 84' lang='lat' dir='ltr'><strong>lasciuissima</strong></span> <span class='ocrx_word' id='word_1_137' title='bbox 840 1541 974 1598; x_wconf 78' lang='lat' dir='ltr'><strong>infamem</strong></span> <span class='ocrx_word' id='word_1_138' title='bbox 992 1545 1022 1598; x_wconf 91' lang='lat' dir='ltr'><strong>et</strong></span> <span class='ocrx_word' id='word_1_139' title='bbox 1035 1547 1186 1615; x_wconf 87' lang='lat' dir='ltr'><strong>propterea</strong></span> <span class='ocrx_word' id='word_1_140' title='bbox 1204 1562 1222 1599; x_wconf 89' lang='lat' dir='ltr'><strong>a</strong></span> <span class='ocrx_word' id='word_1_141' title='bbox 1234 1545 1317 1600; x_wconf 91' lang='lat' dir='ltr'><strong>Pom-</strong></span> 
     </span>
     <span class='ocr_line' id='line_1_15' title="bbox 142 1629 1319 1702; baseline 0.001 -16"><span class='ocrx_word' id='word_1_142' title='bbox 142 1632 207 1702; x_wconf 89' lang='lat' dir='ltr'><strong>peio</strong></span> <span class='ocrx_word' id='word_1_143' title='bbox 225 1648 249 1686; x_wconf 93' lang='lat' dir='ltr'><strong>a.</strong></span> <span class='ocrx_word' id='word_1_144' title='bbox 270 1637 304 1686; x_wconf 79' lang='lat'><strong>62</strong></span> <span class='ocrx_word' id='word_1_145' title='bbox 324 1631 482 1701; x_wconf 78' lang='lat' dir='ltr'><strong>dimissam,</strong></span> <span class='ocrx_word' id='word_1_146' title='bbox 502 1648 586 1700; x_wconf 90' lang='lat' dir='ltr'><strong>quam</strong></span> <span class='ocrx_word' id='word_1_147' title='bbox 606 1649 669 1685; x_wconf 89' lang='lat' dir='ltr'><strong>eum</strong></span> <span class='ocrx_word' id='word_1_148' title='bbox 688 1629 806 1686; x_wconf 81' lang='lat' dir='ltr'><strong>Caesare</strong></span> <span class='ocrx_word' id='word_1_149' title='bbox 825 1646 935 1699; x_wconf 88' lang='lat' dir='ltr'><strong>quoque</strong></span> <span class='ocrx_word' id='word_1_150' title='bbox 959 1647 1018 1685; x_wconf 91' lang='lat' dir='ltr'><strong>rem</strong></span> <span class='ocrx_word' id='word_1_151' title='bbox 1045 1631 1178 1687; x_wconf 87' lang='lat' dir='ltr'><strong>habuisse</strong></span> <span class='ocrx_word' id='word_1_152' title='bbox 1196 1634 1319 1688; x_wconf 87' lang='lat' dir='ltr'><strong>testatur</strong></span> 
     </span>
     <span class='ocr_line' id='line_1_16' title="bbox 146 1719 1319 1790; baseline 0 -14"><span class='ocrx_word' id='word_1_153' title='bbox 146 1722 259 1777; x_wconf 87' lang='lat' dir='ltr'><strong>Sueten.</strong></span> <span class='ocrx_word' id='word_1_154' title='bbox 275 1720 354 1778; x_wconf 85' lang='lat' dir='ltr'><strong>Caes.</strong></span> <span class='ocrx_word' id='word_1_155' title='bbox 369 1727 418 1788; x_wconf 76' lang='lat'><strong>503</strong></span> <span class='ocrx_word' id='word_1_156' title='bbox 433 1722 555 1776; x_wconf 84' lang='lat' dir='ltr'><strong>catarum</strong></span> <span class='ocrx_word' id='word_1_157' title='bbox 571 1719 606 1776; x_wconf 82' lang='lat' dir='ltr'><strong>of.</strong></span> <span class='ocrx_word' id='word_1_158' title='bbox 622 1719 784 1775; x_wconf 77' lang='lat' dir='ltr'><strong>Schwabius</strong></span> <span class='ocrx_word' id='word_1_159' title='bbox 799 1738 825 1789; x_wconf 89' lang='lat' dir='ltr'><strong>q.</strong></span> <span class='ocrx_word' id='word_1_160' title='bbox 841 1719 870 1776; x_wconf 80' lang='lat' dir='ltr'><strong>G.</strong></span> <span class='ocrx_word' id='word_1_161' title='bbox 885 1738 912 1790; x_wconf 86' lang='lat' dir='ltr'><strong>p.</strong></span> <span class='ocrx_word' id='word_1_162' title='bbox 928 1725 980 1775; x_wconf 76' lang='lat'><strong>216</strong></span> <span class='ocrx_word' id='word_1_163' title='bbox 991 1738 1031 1788; x_wconf 89' lang='lat' dir='ltr'><strong>eq.</strong></span> <span class='ocrx_word' id='word_1_164' title='bbox 1055 1737 1121 1774; x_wconf 90' lang='lat' dir='ltr'><strong>uam</strong></span> <span class='ocrx_word' id='word_1_165' title='bbox 1135 1722 1190 1776; x_wconf 92' lang='lat' dir='ltr'><strong>etsi</strong></span> <span class='ocrx_word' id='word_1_166' title='bbox 1205 1721 1319 1778; x_wconf 79' lang='lat' dir='ltr'><strong>‘Maeci-</strong></span> 
     </span>
     <span class='ocr_line' id='line_1_17' title="bbox 145 1808 1321 1880; baseline 0.002 -16"><span class='ocrx_word' id='word_1_167' title='bbox 145 1809 212 1864; x_wconf 87' lang='lat' dir='ltr'><strong>lius’</strong></span> <span class='ocrx_word' id='word_1_168' title='bbox 228 1826 331 1864; x_wconf 88' lang='lat' dir='ltr'><strong>nomen</strong></span> <span class='ocrx_word' id='word_1_169' title='bbox 344 1827 400 1865; x_wconf 89' lang='lat' dir='ltr'><strong>non</strong></span> <span class='ocrx_word' id='word_1_170' title='bbox 414 1812 459 1865; x_wconf 90' lang='lat' dir='ltr'><strong>est</strong></span> <span class='ocrx_word' id='word_1_171' title='bbox 472 1809 630 1865; x_wconf 88' lang='lat' dir='ltr'><strong>inauditum</strong></span> <span class='ocrx_word' id='word_1_172' title='bbox 646 1809 754 1880; x_wconf 82' lang='lat' dir='ltr'><strong>(Pauly,</strong></span> <span class='ocrx_word' id='word_1_173' title='bbox 769 1809 836 1864; x_wconf 88' lang='lat' dir='ltr'><strong>Eue.</strong></span> <span class='ocrx_word' id='word_1_174' title='bbox 850 1809 917 1864; x_wconf 87' lang='lat' dir='ltr'><strong>real.</strong></span> <span class='ocrx_word' id='word_1_175' title='bbox 928 1809 966 1863; x_wconf 88' lang='lat' dir='ltr'><strong>IV</strong></span> <span class='ocrx_word' id='word_1_176' title='bbox 981 1827 1007 1878; x_wconf 88' lang='lat' dir='ltr'><strong>p.</strong></span> <span class='ocrx_word' id='word_1_177' title='bbox 1020 1814 1098 1876; x_wconf 76' lang='lat'><strong>1356,</strong></span> <span class='ocrx_word' id='word_1_178' title='bbox 1113 1808 1178 1867; x_wconf 77' lang='lat' dir='ltr'>CIL.</span> <span class='ocrx_word' id='word_1_179' title='bbox 1190 1809 1215 1864; x_wconf 95' lang='lat' dir='ltr'><strong>ll</strong></span> <span class='ocrx_word' id='word_1_180' title='bbox 1232 1815 1321 1880; x_wconf 72' lang='lat'><strong>1277),</strong></span> 
     </span>
     <span class='ocr_line' id='line_1_18' title="bbox 147 1897 1320 1968; baseline 0.003 -16"><span class='ocrx_word' id='word_1_181' title='bbox 147 1901 241 1953; x_wconf 88' lang='lat' dir='ltr'><strong>tamen</strong></span> <span class='ocrx_word' id='word_1_182' title='bbox 265 1899 342 1953; x_wconf 90' lang='lat' dir='ltr'><strong>ultro</strong></span> <span class='ocrx_word' id='word_1_183' title='bbox 365 1901 484 1968; x_wconf 86' lang='lat' dir='ltr'><strong>apparet</strong></span> <span class='ocrx_word' id='word_1_184' title='bbox 502 1899 639 1967; x_wconf 90' lang='lat' dir='ltr'><strong>quantum</strong></span> <span class='ocrx_word' id='word_1_185' title='bbox 656 1897 772 1967; x_wconf 88' lang='lat' dir='ltr'><strong>Pompei</strong></span> <span class='ocrx_word' id='word_1_186' title='bbox 796 1897 933 1952; x_wconf 88' lang='lat' dir='ltr'><strong>mentioni</strong></span> <span class='ocrx_word' id='word_1_187' title='bbox 951 1897 1070 1953; x_wconf 86' lang='lat' dir='ltr'><strong>accedat</strong></span> <span class='ocrx_word' id='word_1_188' title='bbox 1088 1914 1218 1967; x_wconf 89' lang='lat' dir='ltr'><strong>acumen,</strong></span> <span class='ocrx_word' id='word_1_189' title='bbox 1242 1898 1266 1952; x_wconf 91' lang='lat' dir='ltr'><strong>ei</strong></span> <span class='ocrx_word' id='word_1_190' title='bbox 1285 1900 1320 1955; x_wconf 89' lang='lat' dir='ltr'><strong>de</strong></span> 
     </span>
     <span class='ocr_line' id='line_1_19' title="bbox 145 1985 1320 2057; baseline 0 -15"><span class='ocrx_word' id='word_1_191' title='bbox 145 1988 208 2057; x_wconf 89' lang='lat' dir='ltr'><strong>ipsa</strong></span> <span class='ocrx_word' id='word_1_192' title='bbox 231 1988 291 2042; x_wconf 89' lang='lat' dir='ltr'><strong>eius</strong></span> <span class='ocrx_word' id='word_1_193' title='bbox 315 2004 399 2043; x_wconf 81' lang='lat' dir='ltr'><strong>uxore</strong></span> <span class='ocrx_word' id='word_1_194' title='bbox 422 1986 525 2057; x_wconf 81' lang='lat' dir='ltr'><strong>agitur.</strong></span> <span class='ocrx_word' id='word_1_195' title='bbox 564 1987 732 2042; x_wconf 82' lang='lat' dir='ltr'><strong>‘liucillam&#39;</strong></span> <span class='ocrx_word' id='word_1_196' title='bbox 753 1985 909 2049; x_wconf 71' lang='lat' dir='ltr'><strong>Pleitnerus</strong></span> <span class='ocrx_word' id='word_1_197' title='bbox 932 1986 992 2056; x_wconf 88' lang='lat' dir='ltr'><strong>ipse</strong></span> <span class='ocrx_word' id='word_1_198' title='bbox 1016 1985 1140 2042; x_wconf 85' lang='lat' dir='ltr'><strong>restituit</strong></span> <span class='ocrx_word' id='word_1_199' title='bbox 1159 1988 1202 2056; x_wconf 93' lang='lat' dir='ltr'><strong>(ut</strong></span> <span class='ocrx_word' id='word_1_200' title='bbox 1219 2005 1238 2043; x_wconf 87' lang='lat' dir='ltr'><strong>a</strong></span> <span class='ocrx_word' id='word_1_201' title='bbox 1256 1988 1320 2042; x_wconf 82' lang='lat' dir='ltr'><strong>‘Te-</strong></span> 
     </span>
     <span class='ocr_line' id='line_1_20' title="bbox 143 2075 1321 2148; baseline 0.002 -19"><span class='ocrx_word' id='word_1_202' title='bbox 143 2075 250 2130; x_wconf 89' lang='lat' dir='ltr'><strong>rentia’</strong></span> <span class='ocrx_word' id='word_1_203' title='bbox 276 2076 309 2130; x_wconf 87' lang='lat' dir='ltr'><strong>tit</strong></span> <span class='ocrx_word' id='word_1_204' title='bbox 334 2075 533 2131; x_wconf 84' lang='lat' dir='ltr'><strong>‘Terentilla’:</strong></span> <span class='ocrx_word' id='word_1_205' title='bbox 564 2075 727 2132; x_wconf 82' lang='lat' dir='ltr'><strong>Schwabins</strong></span> <span class='ocrx_word' id='word_1_206' title='bbox 753 2093 779 2143; x_wconf 90' lang='lat' dir='ltr'><strong>q.</strong></span> <span class='ocrx_word' id='word_1_207' title='bbox 804 2076 834 2132; x_wconf 85' lang='lat' dir='ltr'><strong>C.</strong></span> <span class='ocrx_word' id='word_1_208' title='bbox 860 2094 887 2146; x_wconf 91' lang='lat' dir='ltr'><strong>p.</strong></span> <span class='ocrx_word' id='word_1_209' title='bbox 908 2077 984 2146; x_wconf 79' lang='lat'>214);</span> <span class='ocrx_word' id='word_1_210' title='bbox 1013 2091 1064 2131; x_wconf 90' lang='lat' dir='ltr'><strong>nos</strong></span> <span class='ocrx_word' id='word_1_211' title='bbox 1092 2075 1183 2131; x_wconf 85' lang='lat' dir='ltr'><strong>forma</strong></span> <span class='ocrx_word' id='word_1_212' title='bbox 1210 2076 1321 2148; x_wconf 87' lang='lat' dir='ltr'><strong>plebeia</strong></span> 
     </span>
     <span class='ocr_line' id='line_1_21' title="bbox 147 2164 1320 2236; baseline 0.002 -17"><span class='ocrx_word' id='word_1_213' title='bbox 147 2164 314 2234; x_wconf 83' lang='lat' dir='ltr'><strong>‘Moecilla’,</strong></span> <span class='ocrx_word' id='word_1_214' title='bbox 332 2182 404 2233; x_wconf 94' lang='lat' dir='ltr'><strong>quae</strong></span> <span class='ocrx_word' id='word_1_215' title='bbox 429 2165 509 2220; x_wconf 88' lang='lat' dir='ltr'><strong>unius</strong></span> <span class='ocrx_word' id='word_1_216' title='bbox 532 2164 677 2220; x_wconf 89' lang='lat' dir='ltr'><strong>litterulae</strong></span> <span class='ocrx_word' id='word_1_217' title='bbox 697 2164 730 2217; x_wconf 84' lang='lat' dir='ltr'><strong>‘i’</strong></span> <span class='ocrx_word' id='word_1_218' title='bbox 751 2165 779 2220; x_wconf 90' lang='lat' dir='ltr'><strong>iu</strong></span> <span class='ocrx_word' id='word_1_219' title='bbox 800 2165 832 2219; x_wconf 81' lang='lat'><strong>‘1’</strong></span> <span class='ocrx_word' id='word_1_220' title='bbox 853 2165 1009 2220; x_wconf 78' lang='lat' dir='ltr'><strong>mutatione</strong></span> <span class='ocrx_word' id='word_1_221' title='bbox 1026 2167 1220 2236; x_wconf 90' lang='lat' dir='ltr'><strong>recuperatur,</strong></span> <span class='ocrx_word' id='word_1_222' title='bbox 1239 2184 1320 2221; x_wconf 88' lang='lat' dir='ltr'><strong>usum</strong></span> 
     </span>
     <span class='ocr_line' id='line_1_22' title="bbox 144 2252 1320 2323; baseline 0.003 -15"><span class='ocrx_word' id='word_1_223' title='bbox 144 2269 207 2308; x_wconf 88' lang='lat' dir='ltr'><strong>esse</strong></span> <span class='ocrx_word' id='word_1_224' title='bbox 225 2256 339 2323; x_wconf 87' lang='lat' dir='ltr'><strong>poetam</strong></span> <span class='ocrx_word' id='word_1_225' title='bbox 358 2252 521 2319; x_wconf 83' lang='lat' dir='ltr'><strong>statuimus;</strong></span> <span class='ocrx_word' id='word_1_226' title='bbox 540 2253 575 2308; x_wconf 86' lang='lat' dir='ltr'><strong>cl.</strong></span> <span class='ocrx_word' id='word_1_227' title='bbox 595 2252 631 2306; x_wconf 84' lang='lat' dir='ltr'><strong>ad</strong></span> <span class='ocrx_word' id='word_1_228' title='bbox 649 2252 737 2308; x_wconf 82' lang='lat' dir='ltr'>XCIV</span> <span class='ocrx_word' id='word_1_229' title='bbox 759 2260 781 2309; x_wconf 89' lang='grc'><strong>1.</strong></span> <span class='ocrx_word' id='word_1_230' title='bbox 814 2253 871 2308; x_wconf 88' lang='lat' dir='ltr'><strong>iam</strong></span> <span class='ocrx_word' id='word_1_231' title='bbox 889 2254 959 2308; x_wconf 90' lang='lat' dir='ltr'><strong>duos</strong></span> <span class='ocrx_word' id='word_1_232' title='bbox 976 2252 1042 2308; x_wconf 86' lang='lat' dir='ltr'><strong>illos</strong></span> <span class='ocrx_word' id='word_1_233' title='bbox 1061 2254 1170 2311; x_wconf 86' lang='lat' dir='ltr'><strong>Muciae</strong></span> <span class='ocrx_word' id='word_1_234' title='bbox 1188 2258 1320 2312; x_wconf 88' lang='lat' dir='ltr'><strong>moechos</strong></span> 
     </span>
     <span class='ocr_line' id='line_1_23' title="bbox 144 2341 1319 2412; baseline 0.002 -13"><span class='ocrx_word' id='word_1_235' title='bbox 144 2343 269 2412; x_wconf 76' lang='lat' dir='ltr'><strong>Scaliger</strong></span> <span class='ocrx_word' id='word_1_236' title='bbox 286 2342 379 2397; x_wconf 87' lang='lat' dir='ltr'><strong>uoluit</strong></span> <span class='ocrx_word' id='word_1_237' title='bbox 392 2341 535 2412; x_wconf 80' lang='lat' dir='ltr'><strong>designari</strong></span> <span class='ocrx_word' id='word_1_238' title='bbox 550 2342 697 2398; x_wconf 85' lang='lat' dir='ltr'><strong>Caesarem</strong></span> <span class='ocrx_word' id='word_1_239' title='bbox 716 2344 745 2397; x_wconf 90' lang='lat' dir='ltr'><strong>at</strong></span> <span class='ocrx_word' id='word_1_240' title='bbox 759 2341 943 2411; x_wconf 65' lang='lat' dir='ltr'><strong>Mamurram</strong></span> <span class='ocrx_word' id='word_1_241' title='bbox 962 2346 993 2399; x_wconf 89' lang='lat' dir='ltr'><strong>et</strong></span> <span class='ocrx_word' id='word_1_242' title='bbox 1009 2343 1078 2399; x_wconf 91' lang='lat' dir='ltr'><strong>licet</strong></span> <span class='ocrx_word' id='word_1_243' title='bbox 1093 2345 1147 2399; x_wconf 87' lang='lat' dir='ltr'><strong>hoc</strong></span> <span class='ocrx_word' id='word_1_244' title='bbox 1160 2345 1319 2402; x_wconf 75' lang='lat' dir='ltr'><strong>Mamurrae</strong></span> 
     </span>
     <span class='ocr_line' id='line_1_24' title="bbox 144 2430 1322 2504; baseline 0.002 -16"><span class='ocrx_word' id='word_1_245' title='bbox 144 2449 207 2488; x_wconf 88' lang='lat' dir='ltr'><strong>cum</strong></span> <span class='ocrx_word' id='word_1_246' title='bbox 230 2431 336 2486; x_wconf 83' lang='lat' dir='ltr'><strong>lamina</strong></span> <span class='ocrx_word' id='word_1_247' title='bbox 357 2431 410 2486; x_wconf 93' lang='lat' dir='ltr'><strong>illa</strong></span> <span class='ocrx_word' id='word_1_248' title='bbox 437 2430 607 2486; x_wconf 78' lang='lat' dir='ltr'><strong>adulterium</strong></span> <span class='ocrx_word' id='word_1_249' title='bbox 630 2447 688 2486; x_wconf 91' lang='lat' dir='ltr'><strong>non</strong></span> <span class='ocrx_word' id='word_1_250' title='bbox 711 2432 749 2486; x_wconf 91' lang='lat' dir='ltr'><strong>sit</strong></span> <span class='ocrx_word' id='word_1_251' title='bbox 771 2435 958 2502; x_wconf 87' lang='lat' dir='ltr'><strong>compertum,</strong></span> <span class='ocrx_word' id='word_1_252' title='bbox 982 2435 1077 2489; x_wconf 89' lang='lat' dir='ltr'><strong>tamen</strong></span> <span class='ocrx_word' id='word_1_253' title='bbox 1104 2433 1250 2504; x_wconf 85' lang='lat' dir='ltr'><strong>probabile</strong></span> <span class='ocrx_word' id='word_1_254' title='bbox 1278 2437 1322 2490; x_wconf 86' lang='lat' dir='ltr'><strong>est</strong></span> 
     </span>
     <span class='ocr_line' id='line_1_25' title="bbox 143 2519 1320 2592; baseline 0.003 -16"><span class='ocrx_word' id='word_1_255' title='bbox 143 2520 307 2590; x_wconf 86' lang='lat' dir='ltr'><strong>admodum,</strong></span> <span class='ocrx_word' id='word_1_256' title='bbox 341 2520 378 2575; x_wconf 90' lang='lat' dir='ltr'><strong>ad</strong></span> <span class='ocrx_word' id='word_1_257' title='bbox 406 2521 459 2575; x_wconf 90' lang='lat' dir='ltr'><strong>hoc</strong></span> <span class='ocrx_word' id='word_1_258' title='bbox 487 2521 608 2575; x_wconf 85' lang='lat' dir='ltr'><strong>maxime</strong></span> <span class='ocrx_word' id='word_1_259' title='bbox 636 2519 833 2591; x_wconf 73' lang='lat' dir='ltr'><strong>respicientem</strong></span> <span class='ocrx_word' id='word_1_260' title='bbox 860 2525 974 2592; x_wconf 89' lang='lat' dir='ltr'><strong>poetam</strong></span> <span class='ocrx_word' id='word_1_261' title='bbox 1005 2522 1076 2577; x_wconf 85' lang='lat' dir='ltr'><strong>duos</strong></span> <span class='ocrx_word' id='word_1_262' title='bbox 1107 2522 1171 2578; x_wconf 84' lang='lat' dir='ltr'><strong>illos</strong></span> <span class='ocrx_word' id='word_1_263' title='bbox 1204 2540 1320 2579; x_wconf 86' lang='lat' dir='ltr'><strong>necesse</strong></span> 
     </span>
     <span class='ocr_line' id='line_1_26' title="bbox 145 2608 1320 2679; baseline 0.004 -15"><span class='ocrx_word' id='word_1_264' title='bbox 145 2609 262 2664; x_wconf 81' lang='lat' dir='ltr'><strong>‘riuales</strong></span> <span class='ocrx_word' id='word_1_265' title='bbox 282 2609 371 2664; x_wconf 85' lang='lat' dir='ltr'><strong>socios</strong></span> <span class='ocrx_word' id='word_1_266' title='bbox 390 2609 589 2679; x_wconf 89' lang='lat' dir='ltr'><strong>puellularnm&#39;</strong></span> <span class='ocrx_word' id='word_1_267' title='bbox 610 2608 685 2663; x_wconf 87' lang='lat' dir='ltr'>LVII</span> <span class='ocrx_word' id='word_1_268' title='bbox 705 2614 735 2675; x_wconf 81' lang='lat'><strong>9;</strong></span> <span class='ocrx_word' id='word_1_269' title='bbox 759 2609 793 2664; x_wconf 87' lang='lat' dir='ltr'><strong>cf.</strong></span> <span class='ocrx_word' id='word_1_270' title='bbox 813 2611 843 2663; x_wconf 90' lang='lat' dir='ltr'><strong>et</strong></span> <span class='ocrx_word' id='word_1_271' title='bbox 860 2609 897 2664; x_wconf 87' lang='lat' dir='ltr'><strong>ad</strong></span> <span class='ocrx_word' id='word_1_272' title='bbox 915 2609 1011 2665; x_wconf 83' lang='lat' dir='ltr'>XCIV.</span> <span class='ocrx_word' id='word_1_273' title='bbox 1035 2640 1068 2650; x_wconf 95' lang='lat'>-</span> <span class='ocrx_word' id='word_1_274' title='bbox 1093 2610 1121 2665; x_wconf 75' lang='lat'><strong>2.</strong></span> <span class='ocrx_word' id='word_1_275' title='bbox 1146 2611 1227 2668; x_wconf 86' lang='lat' dir='ltr'><strong>lacto</strong></span> <span class='ocrx_word' id='word_1_276' title='bbox 1250 2626 1320 2669; x_wconf 84' lang='lat' dir='ltr'><strong>con·</strong></span> 
     </span>
     <span class='ocr_line' id='line_1_27' title="bbox 145 2697 1320 2770; baseline 0.002 -16"><span class='ocrx_word' id='word_1_277' title='bbox 145 2698 212 2754; x_wconf 84' lang='lat' dir='ltr'><strong>sula</strong></span> <span class='ocrx_word' id='word_1_278' title='bbox 235 2712 315 2753; x_wconf 84' lang='lat' dir='ltr'><strong>nunc</strong></span> <span class='ocrx_word' id='word_1_279' title='bbox 338 2697 450 2753; x_wconf 82' lang='lat' dir='ltr'><strong>lterum</strong></span> <span class='ocrx_word' id='word_1_280' title='bbox 475 2700 653 2754; x_wconf 84' lang='lat' dir='ltr'><strong>manserunt</strong></span> <span class='ocrx_word' id='word_1_281' title='bbox 674 2697 744 2754; x_wconf 83' lang='lat' dir='ltr'><strong>duo.</strong></span> <span class='ocrx_word' id='word_1_282' title='bbox 782 2698 854 2753; x_wconf 87' lang='lat' dir='ltr'><strong>alter</strong></span> <span class='ocrx_word' id='word_1_283' title='bbox 871 2697 991 2769; x_wconf 90' lang='lat' dir='ltr'><strong>Pompei</strong></span> <span class='ocrx_word' id='word_1_284' title='bbox 1013 2700 1187 2767; x_wconf 86' lang='lat' dir='ltr'><strong>consulatus,</strong></span> <span class='ocrx_word' id='word_1_285' title='bbox 1211 2699 1242 2755; x_wconf 89' lang='lat' dir='ltr'><strong>in</strong></span> <span class='ocrx_word' id='word_1_286' title='bbox 1264 2719 1320 2770; x_wconf 91' lang='lat' dir='ltr'><strong>quo</strong></span> 
     </span>
     <span class='ocr_line' id='line_1_28' title="bbox 144 2787 1320 2858; baseline 0.004 -17"><span class='ocrx_word' id='word_1_287' title='bbox 144 2787 218 2842; x_wconf 90' lang='lat' dir='ltr'><strong>idem</strong></span> <span class='ocrx_word' id='word_1_288' title='bbox 239 2787 353 2843; x_wconf 85' lang='lat' dir='ltr'><strong>Crassus</strong></span> <span class='ocrx_word' id='word_1_289' title='bbox 377 2787 483 2843; x_wconf 88' lang='lat' dir='ltr'><strong>eierat</strong></span> <span class='ocrx_word' id='word_1_290' title='bbox 506 2787 638 2858; x_wconf 79' lang='lat' dir='ltr'><strong>conlega,</strong></span> <span class='ocrx_word' id='word_1_291' title='bbox 664 2787 742 2843; x_wconf 88' lang='lat' dir='ltr'><strong>cadit</strong></span> <span class='ocrx_word' id='word_1_292' title='bbox 764 2788 794 2842; x_wconf 92' lang='lat' dir='ltr'><strong>in</strong></span> <span class='ocrx_word' id='word_1_293' title='bbox 813 2804 915 2842; x_wconf 89' lang='lat' dir='ltr'><strong>annum</strong></span> <span class='ocrx_word' id='word_1_294' title='bbox 935 2793 977 2846; x_wconf 81' lang='lat' dir='ltr'><strong>bt.</strong></span> <span class='ocrx_word' id='word_1_295' title='bbox 1017 2789 1201 2845; x_wconf 80' lang='lat' dir='ltr'><strong>‘manserunt’</strong></span> <span class='ocrx_word' id='word_1_296' title='bbox 1223 2791 1320 2846; x_wconf 87' lang='lat' dir='ltr'><strong>malim</strong></span> 
     </span>
     <span class='ocr_line' id='line_1_29' title="bbox 144 2874 1320 2948; baseline 0.004 -17"><span class='ocrx_word' id='word_1_297' title='bbox 144 2874 272 2947; x_wconf 86' lang='lat' dir='ltr'><strong>accipere</strong></span> <span class='ocrx_word' id='word_1_298' title='bbox 299 2874 366 2931; x_wconf 83' lang='lat' dir='ltr'><strong>‘duo</strong></span> <span class='ocrx_word' id='word_1_299' title='bbox 392 2876 436 2931; x_wconf 91' lang='lat' dir='ltr'><strong>illi</strong></span> <span class='ocrx_word' id='word_1_300' title='bbox 461 2877 573 2931; x_wconf 86' lang='lat' dir='ltr'><strong>moechi</strong></span> <span class='ocrx_word' id='word_1_301' title='bbox 597 2877 703 2946; x_wconf 87' lang='lat' dir='ltr'><strong>priores</strong></span> <span class='ocrx_word' id='word_1_302' title='bbox 728 2875 821 2932; x_wconf 89' lang='lat' dir='ltr'><strong>adhue</strong></span> <span class='ocrx_word' id='word_1_303' title='bbox 844 2875 956 2933; x_wconf 90' lang='lat' dir='ltr'><strong>uiuunt’</strong></span> <span class='ocrx_word' id='word_1_304' title='bbox 983 2895 1066 2948; x_wconf 84' lang='lat' dir='ltr'><strong>quam</strong></span> <span class='ocrx_word' id='word_1_305' title='bbox 1090 2879 1125 2934; x_wconf 90' lang='lat' dir='ltr'><strong>de</strong></span> <span class='ocrx_word' id='word_1_306' title='bbox 1148 2879 1320 2936; x_wconf 88' lang='lat' dir='ltr'><strong>continuatis</strong></span> 
     </span>
     <span class='ocr_line' id='line_1_30' title="bbox 145 2964 1320 3039; baseline 0.003 -18"><span class='ocrx_word' id='word_1_307' title='bbox 145 2984 241 3022; x_wconf 88' lang='lat' dir='ltr'><strong>eorum</strong></span> <span class='ocrx_word' id='word_1_308' title='bbox 260 2982 323 3020; x_wconf 87' lang='lat' dir='ltr'><strong>cum</strong></span> <span class='ocrx_word' id='word_1_309' title='bbox 336 2965 431 3023; x_wconf 85' lang='lat' dir='ltr'><strong>Mucia</strong></span> <span class='ocrx_word' id='word_1_310' title='bbox 449 2964 600 3022; x_wconf 85' lang='lat' dir='ltr'><strong>amoribus.</strong></span> <span class='ocrx_word' id='word_1_311' title='bbox 629 2968 752 3021; x_wconf 87' lang='lat' dir='ltr'><strong>ceterum</strong></span> <span class='ocrx_word' id='word_1_312' title='bbox 771 2965 890 3036; x_wconf 88' lang='lat' dir='ltr'><strong>persisto</strong></span> <span class='ocrx_word' id='word_1_313' title='bbox 909 2966 938 3021; x_wconf 90' lang='lat' dir='ltr'><strong>in</strong></span> <span class='ocrx_word' id='word_1_314' title='bbox 957 2984 992 3022; x_wconf 90' lang='lat' dir='ltr'><strong>ea</strong></span> <span class='ocrx_word' id='word_1_315' title='bbox 1009 2968 1163 3037; x_wconf 90' lang='lat' dir='ltr'><strong>sententia,</strong></span> <span class='ocrx_word' id='word_1_316' title='bbox 1183 2986 1240 3037; x_wconf 90' lang='lat' dir='ltr'><strong>qua</strong></span> <span class='ocrx_word' id='word_1_317' title='bbox 1257 2987 1320 3039; x_wconf 90' lang='lat' dir='ltr'><strong>pro-</strong></span> 
     </span>
     <span class='ocr_line' id='line_1_31' title="bbox 144 3053 1320 3127; baseline -0.001 -15"><span class='ocrx_word' id='word_1_318' title='bbox 144 3072 248 3112; x_wconf 86' lang='lat' dir='ltr'><strong>nomen</strong></span> <span class='ocrx_word' id='word_1_319' title='bbox 265 3053 518 3111; x_wconf 86' lang='lat' dir='ltr'><strong>demonstratiuum</strong></span> <span class='ocrx_word' id='word_1_320' title='bbox 536 3055 572 3109; x_wconf 88' lang='lat' dir='ltr'><strong>ad</strong></span> <span class='ocrx_word' id='word_1_321' title='bbox 587 3054 750 3125; x_wconf 92' lang='lat' dir='ltr'><strong>Pompeium</strong></span> <span class='ocrx_word' id='word_1_322' title='bbox 766 3054 918 3124; x_wconf 89' lang='lat' dir='ltr'><strong>respiciens</strong></span> <span class='ocrx_word' id='word_1_323' title='bbox 937 3055 1011 3111; x_wconf 88' lang='lat' dir='ltr'><strong>male</strong></span> <span class='ocrx_word' id='word_1_324' title='bbox 1031 3056 1128 3111; x_wconf 88' lang='lat' dir='ltr'><strong>abesse</strong></span> <span class='ocrx_word' id='word_1_325' title='bbox 1148 3055 1216 3112; x_wconf 90' lang='lat' dir='ltr'><strong>olim</strong></span> <span class='ocrx_word' id='word_1_326' title='bbox 1235 3057 1320 3127; x_wconf 82' lang='lat' dir='ltr'><strong>signi-</strong></span> 
     </span>
     <span class='ocr_line' id='line_1_32' title="bbox 144 3143 1393 3219; baseline 0.002 -19"><span class='ocrx_word' id='word_1_327' title='bbox 144 3145 239 3213; x_wconf 75' lang='lat' dir='ltr'><strong>ticaui3</strong></span> <span class='ocrx_word' id='word_1_328' title='bbox 262 3147 293 3199; x_wconf 90' lang='lat' dir='ltr'><strong>et</strong></span> <span class='ocrx_word' id='word_1_329' title='bbox 309 3144 387 3200; x_wconf 82' lang='lat' dir='ltr'><strong>sacili</strong></span> <span class='ocrx_word' id='word_1_330' title='bbox 406 3162 493 3213; x_wconf 87' lang='lat' dir='ltr'><strong>opera</strong></span> <span class='ocrx_word' id='word_1_331' title='bbox 509 3145 669 3200; x_wconf 88' lang='lat' dir='ltr'><strong>restituitur</strong></span> <span class='ocrx_word' id='word_1_332' title='bbox 693 3145 780 3200; x_wconf 86' lang='lat' dir='ltr'><strong>‘facto</strong></span> <span class='ocrx_word' id='word_1_333' title='bbox 799 3143 853 3200; x_wconf 91' lang='lat' dir='ltr'><strong>hoc</strong></span> <span class='ocrx_word' id='word_1_334' title='bbox 877 3145 1012 3201; x_wconf 87' lang='lat' dir='ltr'><strong>oonsula’.</strong></span> <span class='ocrx_word' id='word_1_335' title='bbox 1032 3177 1066 3186; x_wconf 98' lang='lat'>-</span> <span class='ocrx_word' id='word_1_336' title='bbox 1084 3146 1114 3219; x_wconf 86' lang='lat' dir='ltr'><strong>a,</strong></span> <span class='ocrx_word' id='word_1_337' title='bbox 1134 3145 1164 3202; x_wconf 77' lang='lat'><strong>4.</strong></span> <span class='ocrx_word' id='word_1_338' title='bbox 1184 3146 1236 3202; x_wconf 85' lang='lat' dir='ltr'><strong>sed</strong></span> <span class='ocrx_word' id='word_1_339' title='bbox 1254 3161 1320 3202; x_wconf 85' lang='lat' dir='ltr'><strong>cre·</strong></span> <span class='ocrx_word' id='word_1_340' title='bbox 1390 3158 1393 3163; x_wconf 85' lang='grc'><em>’</em></span> 
     </span>
     <span class='ocr_line' id='line_1_33' title="bbox 144 3233 1321 3301; baseline -0.001 -10"><span class='ocrx_word' id='word_1_341' title='bbox 144 3236 257 3291; x_wconf 91' lang='lat' dir='ltr'><strong>uerunt</strong></span> <span class='ocrx_word' id='word_1_342' title='bbox 280 3234 367 3289; x_wconf 85' lang='lat' dir='ltr'><strong>milla</strong></span> <span class='ocrx_word' id='word_1_343' title='bbox 392 3234 424 3289; x_wconf 88' lang='lat' dir='ltr'><strong>ln</strong></span> <span class='ocrx_word' id='word_1_344' title='bbox 450 3248 542 3289; x_wconf 90' lang='lat' dir='ltr'><strong>unum</strong></span> <span class='ocrx_word' id='word_1_345' title='bbox 568 3233 703 3301; x_wconf 70' lang='lat' dir='ltr'><strong>siugulas</strong></span> <span class='ocrx_word' id='word_1_346' title='bbox 732 3233 892 3289; x_wconf 78' lang='lat' dir='ltr'><strong>fecundum</strong></span> <span class='ocrx_word' id='word_1_347' title='bbox 918 3249 1019 3292; x_wconf 86' lang='lat' dir='ltr'><strong>semen</strong></span> <span class='ocrx_word' id='word_1_348' title='bbox 1046 3235 1209 3292; x_wconf 82' lang='lat' dir='ltr'><strong>adulterio.</strong></span> <span class='ocrx_word' id='word_1_349' title='bbox 1250 3236 1321 3292; x_wconf 84' lang='lat' dir='ltr'><strong>haec</strong></span> 
     </span>
     <span class='ocr_line' id='line_1_34' title="bbox 144 3322 1320 3394; baseline 0.002 -16"><span class='ocrx_word' id='word_1_350' title='bbox 144 3324 216 3378; x_wconf 90' lang='lat' dir='ltr'><strong>bene</strong></span> <span class='ocrx_word' id='word_1_351' title='bbox 235 3323 376 3392; x_wconf 88' lang='lat' dir='ltr'><strong>quadrant</strong></span> <span class='ocrx_word' id='word_1_352' title='bbox 392 3322 421 3377; x_wconf 93' lang='lat' dir='ltr'><strong>in</strong></span> <span class='ocrx_word' id='word_1_353' title='bbox 439 3322 557 3393; x_wconf 89' lang='lat' dir='ltr'><strong>Pompei</strong></span> <span class='ocrx_word' id='word_1_354' title='bbox 575 3322 711 3391; x_wconf 82' lang='lat' dir='ltr'><strong>Muciam,</strong></span> <span class='ocrx_word' id='word_1_355' title='bbox 731 3323 835 3394; x_wconf 89' lang='lat' dir='ltr'><strong>quippe</strong></span> <span class='ocrx_word' id='word_1_356' title='bbox 855 3340 927 3394; x_wconf 88' lang='lat' dir='ltr'><strong>quae</strong></span> <span class='ocrx_word' id='word_1_357' title='bbox 946 3327 1019 3381; x_wconf 89' lang='lat' dir='ltr'><strong>teste</strong></span> <span class='ocrx_word' id='word_1_358' title='bbox 1038 3325 1320 3394; x_wconf 67' lang='lat' dir='ltr'><strong>V21.Mex.1x1,a</strong></span> 
     </span>
     <span class='ocr_line' id='line_1_35' title="bbox 144 3411 1321 3484; baseline 0.002 -18"><span class='ocrx_word' id='word_1_359' title='bbox 144 3430 168 3467; x_wconf 93' lang='lat' dir='ltr'><strong>a.</strong></span> <span class='ocrx_word' id='word_1_360' title='bbox 189 3418 223 3466; x_wconf 72' lang='lat' dir='ltr'><strong>bt</strong></span> <span class='ocrx_word' id='word_1_361' title='bbox 247 3413 359 3482; x_wconf 90' lang='lat' dir='ltr'><strong>publice</strong></span> <span class='ocrx_word' id='word_1_362' title='bbox 382 3429 412 3467; x_wconf 92' lang='lat' dir='ltr'><strong>se</strong></span> <span class='ocrx_word' id='word_1_363' title='bbox 437 3411 612 3482; x_wconf 87' lang='lat' dir='ltr'><strong>prostituerit</strong></span> <span class='ocrx_word' id='word_1_364' title='bbox 631 3411 677 3480; x_wconf 83' lang='lat' dir='ltr'><strong>(cf.</strong></span> <span class='ocrx_word' id='word_1_365' title='bbox 697 3414 727 3467; x_wconf 94' lang='lat' dir='ltr'><strong>et</strong></span> <span class='ocrx_word' id='word_1_366' title='bbox 745 3412 909 3467; x_wconf 82' lang='lat' dir='ltr'><strong>Schwabius</strong></span> <span class='ocrx_word' id='word_1_367' title='bbox 928 3432 954 3482; x_wconf 89' lang='lat' dir='ltr'><strong>q.</strong></span> <span class='ocrx_word' id='word_1_368' title='bbox 975 3413 1004 3469; x_wconf 85' lang='lat' dir='ltr'><strong>(l.</strong></span> <span class='ocrx_word' id='word_1_369' title='bbox 1031 3433 1057 3484; x_wconf 93' lang='lat' dir='ltr'><strong>p.</strong></span> <span class='ocrx_word' id='word_1_370' title='bbox 1078 3420 1130 3469; x_wconf 77' lang='lat'><strong>217</strong></span> <span class='ocrx_word' id='word_1_371' title='bbox 1144 3417 1223 3484; x_wconf 83' lang='lat' dir='ltr'><strong>sqq).</strong></span> <span class='ocrx_word' id='word_1_372' title='bbox 1260 3414 1321 3468; x_wconf 89' lang='lat' dir='ltr'><strong>uni·</strong></span> 
     </span>
     <span class='ocr_line' id='line_1_36' title="bbox 144 3500 1321 3570; baseline 0.001 -16"><span class='ocrx_word' id='word_1_373' title='bbox 144 3517 225 3554; x_wconf 88' lang='lat' dir='ltr'><strong>uersa</strong></span> <span class='ocrx_word' id='word_1_374' title='bbox 249 3500 362 3568; x_wconf 90' lang='lat' dir='ltr'><strong>quidem</strong></span> <span class='ocrx_word' id='word_1_375' title='bbox 386 3501 528 3555; x_wconf 89' lang='lat' dir='ltr'><strong>sententia</strong></span> <span class='ocrx_word' id='word_1_376' title='bbox 554 3502 651 3569; x_wconf 89' lang='lat' dir='ltr'><strong>aperte</strong></span> <span class='ocrx_word' id='word_1_377' title='bbox 675 3502 719 3554; x_wconf 90' lang='lat' dir='ltr'><strong>est</strong></span> <span class='ocrx_word' id='word_1_378' title='bbox 741 3500 829 3555; x_wconf 89' lang='lat' dir='ltr'><strong>haece</strong></span> <span class='ocrx_word' id='word_1_379' title='bbox 855 3500 1017 3557; x_wconf 84' lang='lat' dir='ltr'><strong>‘inlocum</strong></span> <span class='ocrx_word' id='word_1_380' title='bbox 1040 3503 1185 3570; x_wconf 88' lang='lat' dir='ltr'><strong>utriusque</strong></span> <span class='ocrx_word' id='word_1_381' title='bbox 1208 3502 1321 3556; x_wconf 88' lang='lat' dir='ltr'><strong>illorum</strong></span> 
     </span>
     <span class='ocr_line' id='line_1_37' title="bbox 146 3587 1320 3661; baseline 0.003 -17"><span class='ocrx_word' id='word_1_382' title='bbox 146 3590 265 3644; x_wconf 89' lang='lat' dir='ltr'><strong>duorum</strong></span> <span class='ocrx_word' id='word_1_383' title='bbox 283 3593 422 3645; x_wconf 88' lang='lat' dir='ltr'><strong>uenerunt</strong></span> <span class='ocrx_word' id='word_1_384' title='bbox 441 3589 552 3659; x_wconf 83' lang='lat' dir='ltr'><strong>singula</strong></span> <span class='ocrx_word' id='word_1_385' title='bbox 570 3587 650 3642; x_wconf 87' lang='lat' dir='ltr'><strong>milia</strong></span> <span class='ocrx_word' id='word_1_386' title='bbox 668 3588 871 3659; x_wconf 85' lang='lat' dir='ltr'><strong>moechorum&#39;,</strong></span> <span class='ocrx_word' id='word_1_387' title='bbox 890 3590 938 3646; x_wconf 91' lang='lat' dir='ltr'><strong>sad</strong></span> <span class='ocrx_word' id='word_1_388' title='bbox 956 3592 1045 3646; x_wconf 88' lang='lat' dir='ltr'><strong>uerba</strong></span> <span class='ocrx_word' id='word_1_389' title='bbox 1062 3591 1124 3661; x_wconf 89' lang='lat' dir='ltr'><strong>ipsa</strong></span> <span class='ocrx_word' id='word_1_390' title='bbox 1142 3588 1191 3646; x_wconf 85' lang='lat' dir='ltr'><strong>nix</strong></span> <span class='ocrx_word' id='word_1_391' title='bbox 1209 3608 1320 3660; x_wconf 86' lang='lat' dir='ltr'><strong>respon·</strong></span> 
     </span>
     <span class='ocr_line' id='line_1_38' title="bbox 147 3677 1320 3750; baseline 0.002 -16"><span class='ocrx_word' id='word_1_392' title='bbox 147 3681 214 3736; x_wconf 91' lang='lat' dir='ltr'><strong>dent</strong></span> <span class='ocrx_word' id='word_1_393' title='bbox 233 3679 297 3735; x_wconf 88' lang='lat' dir='ltr'><strong>huic</strong></span> <span class='ocrx_word' id='word_1_394' title='bbox 316 3679 484 3748; x_wconf 88' lang='lat' dir='ltr'><strong>sententiae,</strong></span> <span class='ocrx_word' id='word_1_395' title='bbox 503 3696 566 3733; x_wconf 91' lang='lat' dir='ltr'><strong>cum</strong></span> <span class='ocrx_word' id='word_1_396' title='bbox 587 3679 720 3734; x_wconf 76' lang='lat' dir='ltr'><strong>‘crescere</strong></span> <span class='ocrx_word' id='word_1_397' title='bbox 740 3677 771 3732; x_wconf 90' lang='lat' dir='ltr'><strong>in</strong></span> <span class='ocrx_word' id='word_1_398' title='bbox 788 3679 885 3733; x_wconf 88' lang='lat' dir='ltr'><strong>unum’</strong></span> <span class='ocrx_word' id='word_1_399' title='bbox 905 3681 963 3735; x_wconf 83' lang='lat' dir='ltr'><strong>tere</strong></span> <span class='ocrx_word' id='word_1_400' title='bbox 982 3680 1020 3736; x_wconf 87' lang='lat' dir='ltr'><strong>sit</strong></span> <span class='ocrx_word' id='word_1_401' title='bbox 1039 3681 1217 3747; x_wconf 68' lang='lat' dir='ltr'><strong>‘coalescere</strong></span> <span class='ocrx_word' id='word_1_402' title='bbox 1236 3681 1320 3750; x_wconf 88' lang='lat' dir='ltr'><strong>coire,</strong></span> 
     </span>
     <span class='ocr_line' id='line_1_39' title="bbox 148 3768 1320 3846; baseline -0.001 -21"><span class='ocrx_word' id='word_1_403' title='bbox 148 3769 308 3837; x_wconf 90' lang='lat' dir='ltr'><strong>confluere’,</strong></span> <span class='ocrx_word' id='word_1_404' title='bbox 327 3769 402 3838; x_wconf 93' lang='lat' dir='ltr'><strong>quod</strong></span> <span class='ocrx_word' id='word_1_405' title='bbox 421 3769 547 3846; x_wconf 77' lang='lat' dir='ltr'><strong>ineptum</strong></span> <span class='ocrx_word' id='word_1_406' title='bbox 566 3771 616 3825; x_wconf 88' lang='lat' dir='ltr'><strong>est.</strong></span> <span class='ocrx_word' id='word_1_407' title='bbox 645 3785 697 3824; x_wconf 90' lang='lat' dir='ltr'><strong>nec</strong></span> <span class='ocrx_word' id='word_1_408' title='bbox 716 3784 782 3823; x_wconf 87' lang='lat' dir='ltr'><strong>uero</strong></span> <span class='ocrx_word' id='word_1_409' title='bbox 799 3768 946 3825; x_wconf 83' lang='lat' dir='ltr'><strong>‘crescere&#39;</strong></span> <span class='ocrx_word' id='word_1_410' title='bbox 967 3786 1017 3840; x_wconf 89' lang='lat' dir='ltr'><strong>pro</strong></span> <span class='ocrx_word' id='word_1_411' title='bbox 1037 3785 1071 3825; x_wconf 92' lang='lat' dir='ltr'><strong>ec</strong></span> <span class='ocrx_word' id='word_1_412' title='bbox 1090 3770 1165 3839; x_wconf 90' lang='lat' dir='ltr'><strong>quod</strong></span> <span class='ocrx_word' id='word_1_413' title='bbox 1185 3774 1229 3826; x_wconf 92' lang='lat' dir='ltr'><strong>est</strong></span> <span class='ocrx_word' id='word_1_414' title='bbox 1248 3771 1320 3824; x_wconf 79' lang='lat' dir='ltr'><strong>‘suc-</strong></span> 
     </span>
     <span class='ocr_line' id='line_1_40' title="bbox 147 3857 1320 3929; baseline 0.001 -16"><span class='ocrx_word' id='word_1_415' title='bbox 147 3875 271 3914; x_wconf 91' lang='lat' dir='ltr'><strong>crescere</strong></span> <span class='ocrx_word' id='word_1_416' title='bbox 291 3857 411 3928; x_wconf 85' lang='lat' dir='ltr'><strong>(alicui)&#39;</strong></span> <span class='ocrx_word' id='word_1_417' title='bbox 432 3857 594 3926; x_wconf 84' lang='lat' dir='ltr'><strong>adhibetur,</strong></span> <span class='ocrx_word' id='word_1_418' title='bbox 612 3860 645 3912; x_wconf 91' lang='lat' dir='ltr'><strong>ut</strong></span> <span class='ocrx_word' id='word_1_419' title='bbox 663 3858 773 3913; x_wconf 82' lang='lat' dir='ltr'><strong>tacesun</strong></span> <span class='ocrx_word' id='word_1_420' title='bbox 792 3859 847 3914; x_wconf 91' lang='lat' dir='ltr'><strong>hoc</strong></span> <span class='ocrx_word' id='word_1_421' title='bbox 864 3860 948 3928; x_wconf 89' lang='lat' dir='ltr'><strong>pacto</strong></span> <span class='ocrx_word' id='word_1_422' title='bbox 967 3858 1072 3929; x_wconf 89' lang='lat' dir='ltr'><strong>requiri</strong></span> <span class='ocrx_word' id='word_1_423' title='bbox 1090 3859 1129 3914; x_wconf 75' lang='lat' dir='ltr'><strong>‘in</strong></span> <span class='ocrx_word' id='word_1_424' title='bbox 1148 3859 1320 3927; x_wconf 68' lang='lat' dir='ltr'><strong>auumque&#39;.</strong></span> 
     </span>
     <span class='ocr_line' id='line_1_41' title="bbox 148 3945 1320 4017; baseline 0.001 -15"><span class='ocrx_word' id='word_1_425' title='bbox 148 3950 180 4002; x_wconf 92' lang='lat' dir='ltr'><strong>ut</strong></span> <span class='ocrx_word' id='word_1_426' title='bbox 202 3948 314 4002; x_wconf 91' lang='lat' dir='ltr'><strong>mittam</strong></span> <span class='ocrx_word' id='word_1_427' title='bbox 332 3946 577 4003; x_wconf 86' lang='lat' dir='ltr'><strong>Froehliohiauum</strong></span> <span class='ocrx_word' id='word_1_428' title='bbox 598 3945 689 4002; x_wconf 86' lang='lat' dir='ltr'><strong>‘milia</strong></span> <span class='ocrx_word' id='word_1_429' title='bbox 711 3948 848 4016; x_wconf 86' lang='lat' dir='ltr'><strong>numum’,</strong></span> <span class='ocrx_word' id='word_1_430' title='bbox 867 3946 1028 4004; x_wconf 81' lang='lat' dir='ltr'><strong>EBrunerns</strong></span> <span class='ocrx_word' id='word_1_431' title='bbox 1054 3947 1095 4002; x_wconf 83' lang='lat' dir='ltr'><strong>‘in</strong></span> <span class='ocrx_word' id='word_1_432' title='bbox 1120 3949 1236 4003; x_wconf 89' lang='lat' dir='ltr'><strong>annum&#39;</strong></span> <span class='ocrx_word' id='word_1_433' title='bbox 1257 3965 1320 4017; x_wconf 87' lang='lat' dir='ltr'><strong>pro·</strong></span> 
     </span>
     <span class='ocr_line' id='line_1_42' title="bbox 148 4034 1320 4107; baseline 0.001 -16"><span class='ocrx_word' id='word_1_434' title='bbox 148 4036 254 4107; x_wconf 85' lang='lat' dir='ltr'><strong>posuit,</strong></span> <span class='ocrx_word' id='word_1_435' title='bbox 273 4053 329 4106; x_wconf 90' lang='lat' dir='ltr'><strong>quo</strong></span> <span class='ocrx_word' id='word_1_436' title='bbox 348 4038 377 4091; x_wconf 91' lang='lat' dir='ltr'><strong>et</strong></span> <span class='ocrx_word' id='word_1_437' title='bbox 395 4035 512 4091; x_wconf 90' lang='lat' dir='ltr'><strong>nimium</strong></span> <span class='ocrx_word' id='word_1_438' title='bbox 532 4037 674 4105; x_wconf 88' lang='lat' dir='ltr'><strong>quoddam</strong></span> <span class='ocrx_word' id='word_1_439' title='bbox 692 4034 811 4092; x_wconf 83' lang='lat' dir='ltr'><strong>infertur</strong></span> <span class='ocrx_word' id='word_1_440' title='bbox 831 4039 861 4092; x_wconf 91' lang='lat' dir='ltr'><strong>et</strong></span> <span class='ocrx_word' id='word_1_441' title='bbox 878 4038 956 4092; x_wconf 92' lang='lat' dir='ltr'><strong>locus</strong></span> <span class='ocrx_word' id='word_1_442' title='bbox 975 4037 1109 4093; x_wconf 88' lang='lat' dir='ltr'><strong>obscurus</strong></span> <span class='ocrx_word' id='word_1_443' title='bbox 1127 4041 1230 4093; x_wconf 89' lang='lat' dir='ltr'><strong>manet.</strong></span> <span class='ocrx_word' id='word_1_444' title='bbox 1269 4054 1320 4092; x_wconf 90' lang='lat' dir='ltr'><strong>nec</strong></span> 
     </span>
     <span class='ocr_line' id='line_1_43' title="bbox 147 4124 1319 4198; baseline 0.002 -20"><span class='ocrx_word' id='word_1_445' title='bbox 147 4126 276 4180; x_wconf 89' lang='lat' dir='ltr'><strong>iuuamur</strong></span> <span class='ocrx_word' id='word_1_446' title='bbox 294 4124 447 4195; x_wconf 88' lang='lat' dir='ltr'><strong>quidquam</strong></span> <span class='ocrx_word' id='word_1_447' title='bbox 466 4127 543 4193; x_wconf 90' lang='lat' dir='ltr'><strong>inde,</strong></span> <span class='ocrx_word' id='word_1_448' title='bbox 567 4125 684 4196; x_wconf 76' lang='lat' dir='ltr'><strong>quedl</strong></span> <span class='ocrx_word' id='word_1_449' title='bbox 705 4126 868 4198; x_wconf 79' lang='lat' dir='ltr'><strong>‘singulum&#39;</strong></span> <span class='ocrx_word' id='word_1_450' title='bbox 890 4128 1016 4196; x_wconf 73' lang='lat' dir='ltr'><strong>exhibet,</strong></span> <span class='ocrx_word' id='word_1_451' title='bbox 1036 4126 1111 4197; x_wconf 89' lang='lat' dir='ltr'><strong>quod</strong></span> <span class='ocrx_word' id='word_1_452' title='bbox 1130 4126 1258 4197; x_wconf 79' lang='lat' dir='ltr'><strong>Scaliger</strong></span> <span class='ocrx_word' id='word_1_453' title='bbox 1276 4143 1319 4196; x_wconf 90' lang='lat' dir='ltr'><strong>cp.</strong></span> 
     </span>
     <span class='ocr_line' id='line_1_44' title="bbox 148 4214 1319 4285; baseline 0.002 -17"><span class='ocrx_word' id='word_1_454' title='bbox 148 4214 218 4269; x_wconf 91' lang='lat' dir='ltr'><strong>Nou.</strong></span> <span class='ocrx_word' id='word_1_455' title='bbox 238 4233 265 4285; x_wconf 94' lang='lat' dir='ltr'><strong>p.</strong></span> <span class='ocrx_word' id='word_1_456' title='bbox 286 4221 336 4270; x_wconf 78' lang='grc'><strong>171</strong></span> <span class='ocrx_word' id='word_1_457' title='bbox 362 4216 468 4270; x_wconf 87' lang='lat' dir='ltr'><strong>seruari</strong></span> <span class='ocrx_word' id='word_1_458' title='bbox 490 4231 571 4285; x_wconf 89' lang='lat' dir='ltr'><strong>posse</strong></span> <span class='ocrx_word' id='word_1_459' title='bbox 594 4214 707 4285; x_wconf 85' lang='lat' dir='ltr'><strong>putauit</strong></span> <span class='ocrx_word' id='word_1_460' title='bbox 729 4217 834 4272; x_wconf 88' lang='lat' dir='ltr'><strong>extrita</strong></span> <span class='ocrx_word' id='word_1_461' title='bbox 858 4218 898 4272; x_wconf 83' lang='lat' dir='ltr'><strong>‘u&#39;</strong></span> <span class='ocrx_word' id='word_1_462' title='bbox 923 4218 1029 4285; x_wconf 90' lang='lat' dir='ltr'><strong>media,</strong></span> <span class='ocrx_word' id='word_1_463' title='bbox 1051 4217 1165 4273; x_wconf 82' lang='lat' dir='ltr'><strong>Laehm.</strong></span> <span class='ocrx_word' id='word_1_464' title='bbox 1185 4217 1222 4271; x_wconf 87' lang='lat' dir='ltr'><strong>ad</strong></span> <span class='ocrx_word' id='word_1_465' title='bbox 1240 4215 1319 4270; x_wconf 81' lang='lat' dir='ltr'><strong>Lacr.</strong></span> 
     </span>
     <span class='ocr_line' id='line_1_45' title="bbox 147 4286 1320 4377; baseline 0.001 -20"><span class='ocrx_word' id='word_1_466' title='bbox 147 4286 245 4374; x_wconf 63' lang='lat' dir='ltr'><strong>p.&#39;412</strong></span> <span class='ocrx_word' id='word_1_467' title='bbox 270 4307 346 4359; x_wconf 85' lang='lat' dir='ltr'><strong>recte</strong></span> <span class='ocrx_word' id='word_1_468' title='bbox 368 4301 544 4358; x_wconf 86' lang='lat' dir='ltr'><strong>abiudicauit</strong></span> <span class='ocrx_word' id='word_1_469' title='bbox 567 4302 691 4371; x_wconf 82' lang='lat' dir='ltr'><strong>Catullo,</strong></span> <span class='ocrx_word' id='word_1_470' title='bbox 719 4321 781 4359; x_wconf 91' lang='lat' dir='ltr'><strong>cum</strong></span> <span class='ocrx_word' id='word_1_471' title='bbox 807 4307 973 4375; x_wconf 87' lang='lat' dir='ltr'><strong>praesertim</strong></span> <span class='ocrx_word' id='word_1_472' title='bbox 998 4307 1079 4362; x_wconf 80' lang='lat' dir='ltr'><strong>‘unus</strong></span> <span class='ocrx_word' id='word_1_473' title='bbox 1101 4303 1238 4377; x_wconf 79' lang='lat' dir='ltr'><strong>singulus’</strong></span> <span class='ocrx_word' id='word_1_474' title='bbox 1265 4321 1320 4359; x_wconf 92' lang='lat' dir='ltr'><strong>non</strong></span> 
     </span>
     <span class='ocr_line' id='line_1_46' title="bbox 148 4390 1284 4466; baseline -0.001 -17"><span class='ocrx_word' id='word_1_475' title='bbox 148 4393 218 4450; x_wconf 88' lang='lat' dir='ltr'><strong>bene</strong></span> <span class='ocrx_word' id='word_1_476' title='bbox 247 4394 340 4452; x_wconf 74' lang='lat' dir='ltr'><strong>oceatr</strong></span> <span class='ocrx_word' id='word_1_477' title='bbox 369 4392 451 4449; x_wconf 84' lang='lat' dir='ltr'><strong>adest</strong></span> <span class='ocrx_word' id='word_1_478' title='bbox 477 4390 649 4448; x_wconf 83' lang='lat' dir='ltr'><strong>adsimilatio</strong></span> <span class='ocrx_word' id='word_1_479' title='bbox 678 4390 716 4447; x_wconf 89' lang='lat' dir='ltr'><strong>ad</strong></span> <span class='ocrx_word' id='word_1_480' title='bbox 741 4394 912 4464; x_wconf 87' lang='lat' dir='ltr'><strong>praecedens</strong></span> <span class='ocrx_word' id='word_1_481' title='bbox 941 4395 1048 4450; x_wconf 81' lang='lat' dir='ltr'><strong>‘unum&#39;</strong></span> <span class='ocrx_word' id='word_1_482' title='bbox 1078 4395 1135 4450; x_wconf 84' lang='lat' dir='ltr'><strong>iam</strong></span> <span class='ocrx_word' id='word_1_483' title='bbox 1164 4390 1284 4466; x_wconf 77' lang='lat' dir='ltr'><strong>antiqui*</strong></span> 
     </span>
    </p>
   </div>
   <div class='ocr_carea' id='block_1_3' title="bbox 0 0 1480 4912">
    <p class='ocr_par' dir='ltr' id='par_1_3' title="bbox 0 0 1480 4912">
     <span class='ocr_line' id='line_1_47' title="bbox 0 0 1480 4912; baseline 0 0"><span class='ocrx_word' id='word_1_484' title='bbox 0 0 1480 4912; x_wconf 95' lang='lat' dir='ltr'><strong> </strong></span> 
     </span>
    </p>
   </div>
  </div>
 </body>
</html>
