2940 4912
61 306 64 313 ¹
147 331 187 396 78
668 334 799 391 11-11.

145 493 227 548 dolor
248 493 405 562 mentisque
430 495 513 549 ardor
540 495 743 565 aliquantisper
766 497 859 565 potest
882 494 1015 566 mitigari.
1039 527 1073 536 -
1097 497 1131 566 9,
1151 496 1199 551 10.
1222 496 1322 551 tecum

144 582 252 637 ludere
271 582 352 638 siout
371 582 438 652 lpse
457 597 575 654 possem
594 585 626 640 ot
644 583 746 639 tristis
765 584 858 639 animi
877 585 983 640 leuare
1003 599 1103 642 curas.
1131 585 1321 654 1111111111-

145 673 303 741 pretanturr
322 672 430 727 utinam
450 675 480 728 et
498 673 568 727 mihi
585 672 696 740 liceret,
716 674 790 727 sicut
804 672 935 728 dominae
949 676 1015 728 tuae
1030 671 1107 741 licet,
1122 677 1216 729 tecum
1230 672 1321 729 facero

145 760 261 816 delicias
287 763 316 816 et
340 761 405 816 inde
430 763 486 816 mei
512 763 619 817 ardoris
647 762 772 830 quietem
798 762 932 831 accipere.
976 763 1030 817 hoc
1057 765 1151 817 autem
1178 762 1319 818 ‘utinam’

146 851 232 920 (quod
249 851 279 904 in
294 850 333 905 eis
348 850 430 919 uotis,
445 867 517 919 quaa
532 850 606 905 effici
620 852 747 920 possunt,
763 853 822 905 tam
838 866 921 921 saepe
935 869 1021 920 quam
1036 851 1158 906 adicitur
1172 850 1321 920 omittitur,

145 940 179 992 ut
201 939 237 992 ad
261 938 369 994 Cornel.
394 943 420 1008 9)
449 958 601 1009 numquam
629 939 668 993 ibi
693 939 847 1007 omittitur,
875 939 924 994 ubi
952 941 987 994 de
1016 938 1117 995 effectu
1144 941 1322 1011 desperatur;

145 1027 369 1099 Kuehneruspr.
388 1028 407 1085 l.
426 1027 452 1083 Il
471 1047 498 1099 p.
515 1035 565 1083 139
586 1029 676 1084 solum
695 1029 790 1083 locum
809 1031 934 1083 nostrum
956 1028 1050 1083 adfert
1068 1033 1144 1098 (nam
1162 1028 1322 1100 Maduigius

145 1135 186 1187 gr.
202 1118 219 1172 Ι.
239 1123 330 1185 1317,
346 1118 364 1172 b
381 1121 472 1173 1119
491 1135 509 1172 1
527 1117 670 1174 Baucistio
688 1118 801 1172 adlatus
821 1117 892 1171 nihil
911 1118 1025 1172 omuino
1045 1118 1081 1172 ad
1099 1120 1184 1190 rem);
1203 1122 1233 1173 et
1251 1135 1321 1188 quos

146 1207 223 1262 locos
242 1206 369 1277 Scaliger
385 1207 443 1261 iam
462 1210 593 1278 exparte
613 1209 642 1261 et
662 1207 792 1261 Sanctius
807 1207 951 1262 Mineruae
965 1207 1004 1261 IV
1018 1213 1034 1260 7
1049 1208 1095 1261 fin.
1115 1208 1253 1277 adferunt,
1272 1212 1323 1262 aut

147 1295 232 1350 alieni
254 1297 338 1366 plane
363 1298 407 1366 (ut
425 1297 487 1352 Tib.
506 1295 519 1348 Ι
541 1303 586 1365 10,
608 1297 651 1363 11)
677 1299 727 1350 sut
750 1293 833 1350 aliter
857 1300 923 1350 sunt
945 1295 1104 1366 explicandi
1128 1296 1220 1367 (Ouid.
1239 1298 1321 1366 epist.

148 1390 190 1454 10,
209 1390 224 1438 7
229 1393 257 1451 7;
280 1385 365 1457 Verg.
385 1386 453 1441 Aen.
472 1385 512 1441 IV
532 1390 584 1440 678
607 1389 637 1440 11
654 1385 693 1439 ΙΙΙ
714 1391 776 1439 191τ
802 1384 852 1439 ubi
875 1385 903 1439 in
926 1384 1034 1455 protasi
1057 1386 1242 1456 supplendum
1263 1386 1319 1439 ‘si’

147 1473 224 1529 etin
242 1474 360 1544 spodosi
378 1476 411 1530 fit
429 1473 590 1543 conclusio).
627 1473 724 1543 itaquo
743 1474 767 1528 si
790 1473 819 1528 in
838 1473 960 1530 lectione
981 1475 1115 1544 ‘possem'
1137 1473 1166 1528 id
1185 1474 1260 1543 quod
1279 1476 1323 1528 ast

148 1562 279 1617 ‘utinam'
300 1565 397 1619 abesse
416 1564 515 1633 nequit
532 1582 622 1632 neque
643 1564 716 1631 ‘ut‘,
737 1563 912 1633 intempore
931 1565 1073 1633 praesenti
1092 1563 1229 1619 usitatum
1247 1564 1323 1634 apud

146 1650 266 1721 priscos,
286 1653 316 1708 iu
334 1653 394 1708 eius
413 1655 506 1709 locum
532 1653 680 1708 succedere
704 1655 800 1723 potest
823 1653 961 1722 (alioquin
984 1653 1138 1709 conieceris
1158 1654 1268 1708 ‘tecum
1291 1653 1324 1706 ut

147 1741 282 1812 luderc')‚
300 1741 374 1797 nihil
392 1744 497 1798 restare
516 1742 628 1797 uidetur
647 1759 731 1810 quam
750 1745 783 1796 ut
802 1741 928 1811 ‘possim’
949 1745 1102 1812 reponatur
1120 1747 1236 1798 auctore
1259 1742 1323 1796 Ver-

146 1829 259 1901 burgio,
289 1849 353 1886 cum
378 1831 544 1902 praesertim
571 1834 664 1887 totum
687 1830 740 1886 hoc
765 1848 876 1886 carmen
899 1834 960 1886 tum
983 1830 1095 1886 demum
1115 1848 1194 1887 suam
1220 1831 1325 1886 habeat

146 1936 290 1990 uenerem,
320 1921 344 1976 si
366 1921 396 1975 id
420 1900 495 1990 qirorl
519 1923 600 1991 optat
628 1921 715 1991 poeta
738 1921 799 1974 fieri
822 1920 935 1976 omniuo
958 1920 1034 1976 licet.
1075 1923 1198 1976 ceterum
1225 1920 1324 1975 melius

149 2009 205 2064 ‘sic
223 2011 270 2063 ut’
292 2010 442 2077 scribetur,
461 2012 495 2064 ut
512 2013 542 2065 et
559 2010 624 2064 huic
643 2009 737 2065 uersui
760 2027 811 2065 sua
832 2010 909 2065 adsit
926 2025 1041 2064 caesura
1060 2013 1089 2065 et
1107 2011 1213 2065 uitetur
1231 2010 1323 2080 siugu-

149 2098 240 2154 lorum
259 2100 362 2170 pedum
385 2100 641 2168 uocabulorumqne
661 2100 853 2170 congruentia.
894 2099 979 2169 ‘ipsa'
999 2098 1045 2154 hic
1064 2103 1108 2155 est
1126 2099 1240 2155 domina
1263 2115 1324 2169 pas·

148 2189 218 2242 seris
237 2189 297 2243 eiua
310 2188 419 2244 Lesbia.
449 2192 481 2244 ut
496 2188 570 2243 enim
585 2187 699 2243 Graecis
718 2183 806 2252 αὐτός
824 2192 854 2243 et
872 2183 960 2256 αὐτή,
979 2188 1020 2242 sic
1033 2189 1168 2244 Romanis
1183 2189 1274 2258 ‘ipse’
1296 2190 1326 2242 et

149 2277 248 2346 ‘ipsa’
270 2280 313 2333 est
330 2281 440 2333 erus'et
459 2296 506 2334 era
530 2281 573 2346 (ut
590 2277 684 2332 Plauti
704 2276 764 2334 Car.
784 2278 823 2331 1v
842 2284 866 2345 9,
888 2283 919 2330 11
940 2293 987 2346 epo
1010 2293 1039 2331 eo
1063 2294 1115 2347 qao
1137 2295 1178 2333 me
1195 2279 1258 2347 ipsa
1275 2279 1324 2331 mi·

151 2368 212 2436 sit);
237 2365 318 2436 isque
344 2385 408 2422 1111
433 2384 448 2422 1
471 2366 583 2423 familia
605 2369 634 2422 et
657 2366 858 2423 consuetudine
881 2365 1036 2446 domestica
1058 2365 1143 2421 latius
1166 2366 1327 2436 percrebuit

152 2457 331 2528 optinuitque
355 2456 442 2513 etiam
466 2459 497 2512 iu
520 2458 602 2513 rebus
626 2457 782 2523 amatoriis3
809 2457 964 2527 eodemque
988 2456 1072 2512 modo
1090 2456 1220 2511 dixemnt
1237 2456 1323 2510 etism

150 2543 292 2615 ‘ipsimus'
310 2550 339 2602 et
355 2547 494 2617 ‘ipsims'r
509 2551 543 2602 cf.
559 2548 596 2603 Μ,
612 2544 740 2603 Hertrius
755 2546 825 2601 ltlus.
840 2546 928 2601 Rheu.
944 2544 1023 2600 XVII
1044 2563 1070 2616 p.
1087 2553 1138 2602 824
1157 2549 1187 2601 et
1201 2544 1323 2599 Bueche-

148 2635 225 2689 lerus
250 2635 286 2689 ad
304 2636 415 2690 Petron.
435 2655 462 2706 p.
480 2642 513 2691 '14
532 2636 598 2691 edit.
619 2636 743 2691 maioris.
781 2636 882 2705 uulgus
904 2640 998 2692 autem
1020 2637 1097 2691 ‘isse'
1119 2639 1149 2690 et
1164 2635 1240 2690 ‘issa’
1258 2633 1324 2689 hinc

152 2722 246 2779 effecit
267 2725 472 2794 transtulitque
491 2725 671 2780 blandiflcam
695 2725 849 2781 amantium
876 2725 1097 2796 adpellationem
1115 2728 1215 2795 postca
1238 2724 1324 2779 etiam

151 2813 187 2868 ad
208 2811 352 2880 animalia,
372 2813 445 2867 uude
460 2813 598 2869 Martialis
612 2816 624 2868 Ι
641 2821 701 2882 109,
716 2821 732 2869 5
748 2817 814 2870 Issa
831 2820 870 2870 est
888 2816 1002 2871 deliciae
1025 2815 1123 2872 catello
1138 2814 1224 2869 Publi
1242 2815 1325 2883 (quac

149 2917 205 2956 non
221 2917 281 2956 esse
298 2901 397 2956 debuit
410 2903 531 2972 Bergkio
546 2920 638 2972 causa,
657 2907 690 2957 ut
703 2904 777 2974 apud
793 2905 934 2958 Catullum
954 2904 1000 2958 hic
1018 2908 1048 2958 et
1064 2902 1134 2958 ΙΙΙ7
1156 2902 1238 2957 ‘lesa’
1255 2905 1324 2956 tam·

150 3008 235 3060 quam
251 2991 404 3061 passerculi
420 3009 522 3047 nomen
536 2992 708 3060 restitueret;
725 2994 760 3048 ci.
775 2993 975 3048 Paukstadtius
989 3012 1016 3063 p.
1027 2999 1043 3047 5
1054 2994 1118 3062 sq.).
1144 2992 1201 3047 iam
1216 2992 1322 3047 ‘curae’

150 3084 216 3135 sunt
230 3081 333 3135 amoris
348 3079 489 3136 cruciatus
504 3081 549 3150 (cf.
560 3080 647 3137 lxlv
659 3088 691 3135 79
708 3085 737 3136 11
751 3089 796 3150 95,
811 3081 872 3136 Tib.
884 3083 896 3136 l
908 3089 934 3151 5,
949 3087 983 3137 97
997 3083 1130 3152 ternptoui
1144 3097 1225 3136 ouras
1239 3081 1325 3151 depel-

149 3172 202 3226 lere
220 3173 314 3240 us‘no);
339 3188 411 3239 quae
431 3171 561 3247 dicuntur
581 3170 710 3224 ‘tristes’
738 3173 780 3240 (ut
799 3170 861 3225 Tib.
882 3171 893 3223 Ι
912 3176 938 3238 7,
956 3174 1002 3239 43)
1025 3187 1082 3225 non
1100 3171 1245 3240 tamquam
1266 3169 1325 3224 ‘tri-

149 3263 222 3315 stem
252 3259 427 3326 reddentes’‚
454 3260 503 3313 sed
533 3259 570 3313 ad
596 3260 795 3314 intendendam
822 3256 993 3312 substantiui
1023 3256 1168 3313 notionem
1194 3257 1326 3327 similem,

149 3367 233 3419 quem
251 3368 332 3404 usum
352 3347 481 3418 exposuit
499 3346 630 3403 Disseuus
649 3348 685 3403 ad
705 3346 812 3403 'l'ibulli
830 3347 842 3400 Ι
863 3355 887 3414 1,
906 3353 948 3402 69.
980 3348 1097 3403 ‘leuare’
1120 3352 1164 3416 (=
1183 3347 1276 3403 facere
1293 3351 1328 3402 ut

150 3440 343 3508 adquiescant)
362 3456 413 3493 uec
431 3439 523 3508 ipsum
542 3436 603 3492 sinc
622 3439 712 3494 morbi
732 3440 860 3508 respectu
879 3441 923 3493 est
941 3436 1076 3507 positum:
1103 3436 1159 3492 Cic.
1179 3437 1216 3493 ad
1234 3439 1294 3494 Att.
1313 3438 1324 3491 1

152 3535 193 3596 18,
215 3536 342 3584 meram
361 3535 386 3583 et
403 3545 532 3599 soporem
550 3529 639 3582 animi
656 3529 708 3583 mei
727 3569 751 3582 ..
770 3528 882 3594 locasti,
903 3525 1011 3596 Propi
1031 3532 1057 3596 9,
1072 3531 1120 3594 34,
1140 3525 1220 3582 Ouid.
1236 3531 1270 3582 tr.
1287 3526 1325 3581 1v

151 3624 175 3685 6,
197 3625 238 3672 ie.
275 3619 408 3672 uidentur
426 3619 498 3672 hunc
516 3635 544 3672 u.
563 3617 600 3671 ob
619 3619 715 3672 oculos
734 3616 865 3671 habuisse
885 3615 968 3685 Verg.
989 3614 1089 3685 Georg.
1106 3616 1142 3671 IV
1165 3621 1215 3670 591
1236 3618 1328 3672 tristes

151 3708 244 3761 ooioro
262 3709 394 3776 deponere
412 3725 495 3762 curus
513 3709 542 3762 et
561 3708 643 3762 Mart.
663 3707 715 3760 XII
736 3713 783 3773 94,
802 3714 818 3760 0
843 3711 867 3760 et
886 3706 973 3760 tristia
992 3707 1081 3760 animi
1099 3721 1195 3760 caum
1212 3722 1326 3762 1101111.

224 3795 316 3848 Verba
334 3796 495 3850 admirabili
510 3800 570 3851 arte
585 3799 680 3865 (qnam
694 3793 824 3850 nonnulli
838 3792 1006 3848 coniecturis
1020 3794 1096 3849 male
1111 3792 1187 3849 sanis
1200 3811 1327 3864 pessum-

151 3883 299 3952 dederunt)
323 3885 352 3938 in
371 3903 455 3938 unum
480 3886 629 3940 uerborum
652 3885 789 3940 ambitum
816 3882 925 3938 inclusa
947 3885 984 3938 ob
1003 3883 1098 3939 oculos
1117 3883 1200 3940 nobis
1217 3890 1329 3955 ponunt

151 3974 293 4029 Catullum
312 3977 342 4027 et
355 3973 486 4028 Lesbiam
506 3973 628 4029 inuicem
649 3973 852 4039 desiderantes,
874 3974 906 4026 ut
924 3977 1021 4027 tamen
1039 3972 1149 4028 felicior
1166 3971 1205 4028 sit
1223 3971 1328 4045 puella,

151 4080 236 4134 quae,
262 4082 325 4119 cum
351 4062 422 4117 uelit
447 4063 589 4118 ardentem
617 4062 802 4133 cupiditatem
829 4061 927 4130 solari,
959 4063 1064 4117 habeat
1089 4061 1184 4116 saltim
1211 4060 1327 4131 quicum

153 4152 249 4208 latitet
267 4153 377 4207 dulcem
397 4170 476 4206 suum
496 4169 651 4221 passerem3
676 4151 753 4207 cuius
772 4169 823 4222 ope
843 4151 947 4206 nisibi
966 4169 1076 4221 quoque
1097 4150 1173 4207 adsit
1190 4149 1328 4205 solacium

152 4244 234 4311 optat
258 4242 429 4297 adulescens.
470 4241 566 4296 nobile
592 4247 677 4310 atque
702 4242 874 4297 celebratum
898 4241 1072 4311 poematica,
1101 4240 1178 4310 quod
1201 4242 1231 4295 et
1254 4238 1328 4296 liar·

151 4330 227 4385 tialis
254 4330 308 4385 sibi
335 4330 503 4385 imitandum
530 4332 677 4401 proposuit
703 4331 728 4402 [Ι
753 4332 816 4402 109]
843 4333 872 4386 11
895 4330 1043 4385 Arruntius
1067 4330 1157 4386 Stella
1182 4346 1216 4384 ax
1242 4329 1328 4385 Statii

152 4419 229 4474 siluis
247 4421 328 4475 nobis
346 4423 428 4476 notus
447 4420 545 4476 eodem
564 4423 635 4476 teste
656 4421 681 4490 [Ι
700 4422 742 4492 7],
766 4423 865 4490 utpote
889 4418 955 4474 libri
979 4418 1149 4490 principium
1169 4418 1235 4489 (nisi
1253 4418 1327 4476 forte
