2940 4912
534 294 623 350 xcvl
642 302 666 351 s.
703 296 804 352 xcvll
824 304 901 354 6-6.
1243 302 1306 368 681

133 455 227 527 posito
251 455 434 512 diuellentem
457 455 677 527 iungentemque
703 475 767 513 enm
795 458 966 528 amicitiae,
990 464 1023 516 nt
1044 462 1083 516 IV
1109 465 1165 531 10):
1189 482 1244 519 non
1269 465 1311 520 ita

31 552 33 554 ’
134 547 244 618 pridem
267 548 350 616 rapta
372 549 433 601 erat
452 544 602 614 Quintilia3
625 547 699 602 unde
722 548 808 602 etiam
832 547 967 604 Italorum
993 551 1146 619 ‘amissas’,
1169 553 1309 610 Schwabii

137 635 216 692 ‘olim
231 635 343 691 scisses’
360 636 537 692 coniecturae
554 635 712 692 concidunt.
741 637 789 692 sed
805 637 945 709 Hauptins
959 640 1144 696 audacissime
1158 643 1308 699 restituens

135 725 218 781 ‘Orco
242 727 360 780 mersas'
386 726 487 780 merito
511 724 659 780 adsensum
683 743 739 781 non
762 730 807 782 est
830 721 954 782 nanctus.
992 746 1043 784 nec
1065 728 1135 785 mihi
1156 731 1247 786 ‘olim‘
1269 731 1309 786 sic

132 814 293 881 amolienti,
316 815 349 868 ut
371 833 397 870 6
418 821 434 869 4
458 815 494 869 ad
521 815 627 870 amicos
651 815 827 885 maximeque
851 814 992 871 Catullum
1015 819 1136 874 referens
1160 819 1309 876 scriberem
1352 828 1358 839 '

133 907 174 960 ‘et
187 903 253 974 quei
267 903 419 972 discissas’,
434 919 477 958 res
492 904 638 971 succeseit;
654 920 717 959 nam
735 923 761 959 u.
776 911 792 959 6
809 905 916 960 ‘amore
930 907 992 962 tno’
1010 906 1074 977 (nisi
1087 907 1160 964 forte
1174 912 1204 964 et
1217 910 1308 979 ipsum

131 995 162 1049 in
183 995 288 1048 ‘amore
308 993 369 1048 sno'
384 971 500 1048 1661666
519 993 613 1063 malis)
632 993 809 1048 demonstrat
832 994 867 1049 de
886 1011 942 1050 uno
961 994 1049 1051 Caluo
1068 996 1123 1065 agi
1161 997 1265 1052 etenim
1285 999 1308 1054 si

133 1104 158 1141 6.
178 1091 194 1139 1
218 1087 247 1139 61
266 1090 281 1138 3
305 1085 369 1138 614
388 1082 480 1153 prima
497 1090 617 1152 persona
636 1080 753 1152 pluralis
772 1083 861 1137 utitur
880 1086 978 1153 poeta,
1001 1084 1131 1140 nimirum
1151 1086 1180 1141 in
1199 1087 1308 1143 uniuer-

132 1192 194 1229 sum
212 1160 337 1242 loquitur
359 1171 525 1242 superstites
549 1171 687 1241 uiuosque
712 1187 856 1241 opponens
880 1171 1012 1243 mortuis,
1036 1176 1133 1230 contre
1155 1174 1183 1228 in
1206 1175 1307 1233 ultimo

132 1264 253 1318 disticho
272 1263 308 1324 de
327 1255 466 1327 Quintilis
484 1263 513 1316 et
529 1261 616 1315 Caluo
634 1261 710 1315 solis.
739 1261 796 1315 iarn
815 1277 878 1314 enm
897 1262 979 1317 huius
997 1261 1111 1318 distichi
1131 1266 1217 1320 medii
1235 1266 1306 1321 haec

130 1353 168 1407 sit
195 1351 335 1407 mutantia
359 1349 499 1420 generalis
527 1349 586 1418 ‘qni
614 1353 737 1404 mortuos
764 1351 794 1403 et
819 1349 1010 1407 desideramus
1037 1355 1066 1407 61
1092 1353 1213 1424 flemns',
1239 1356 1308 1410 artis

131 1441 304 1497 concinnitas
322 1439 363 1494 nil
381 1438 501 1508 requirit
517 1438 570 1492 nisi
589 1437 664 1507 qnod
683 1437 727 1492 illi
747 1439 879 1494 ‘ueteres’
901 1441 1082 1510 respondeat,
1101 1460 1142 1498 ex.
1164 1461 1205 1513 gr.
1227 1444 1307 1499 ‘olim

129 1531 251 1587 innotas'
277 1530 322 1584 uel
346 1529 454 1583 ‘nexas’
480 1528 526 1582 nel
551 1527 685 1583 ‘mixtas’.
729 1528 833 1599 qnippe
860 1529 1010 1585 ‘amicitia’
1039 1531 1125 1587 etiam
1152 1533 1186 1587 de
1213 1550 1307 1589 amore

129 1622 203 1677 inter
226 1637 332 1674 marem
356 1621 386 1673 et
408 1617 541 1673 feminam
568 1618 638 1672 inito
664 1616 780 1686 dieitur,
806 1621 839 1672 61
863 1618 924 1673 clx
950 1626 979 1686 6,
1006 1618 1054 1673 ubi
1080 1619 1178 1676 itidem
1205 1623 1305 1677 ‘amor’

130 1709 281 1783 praecedit.
303 1741 334 1749 -
356 1709 385 1764 6.
404 1708 487 1763 certe
505 1721 567 1762 non
590 1707 677 1761 tanto
701 1722 783 1761 mors
806 1707 960 1763 inmatura
977 1708 1109 1764 dolorlst
1128 1708 1305 1784 Quintiles,

130 1800 275 1868 quantum
294 1797 407 1865 gaudet
424 1811 525 1852 amore
545 1797 609 1851 tuo.
638 1797 698 1850 tum
718 1796 843 1866 prolecto
860 1796 997 1860 Quintilio
1016 1801 1097 1867 (quae
1112 1798 1224 1853 uidetur
1238 1818 1307 1855 uxor

131 1888 214 1944 fuisse
234 1887 327 1955 Calui)
346 1904 402 1941 non
420 1888 480 1940 tam
504 1884 631 1939 dolorem
654 1885 732 1950 inde,
758 1885 833 1954 quod
856 1888 923 1940 ante
943 1903 1023 1940 suum
1043 1886 1118 1939 diem
1137 1903 1152 1941 e
1170 1888 1243 1943 niuis
1261 1905 1306 1943 ex·

131 1977 228 2046 cessit,
254 1993 338 2046 quam
364 1992 397 2030 ex
424 1976 479 2029 fida
505 1972 653 2042 niuacique
679 1974 722 2028 sui
749 1976 825 2044 apud
849 1979 878 2030 te
904 1976 1039 2031 memoria
1063 1993 1114 2046 per
1137 1976 1306 2033 desiderium

133 2068 283 2136 fletumque
307 2065 451 2121 declarata
477 2062 616 2119 laetitiam
643 2064 743 2134 capiet.
783 2065 903 2120 ‘tantum
924 2108 930 2120 .
951 2109 956 2120 .
977 2066 1125 2134 qnantum’
1145 2066 1220 2120 hand
1243 2068 1323 2122 raro‘

129 2174 181 2228 pro
201 2157 271 2211 ‘tam
291 2197 314 2211 ..
335 2153 430 2223 quam’
452 2153 576 2223 positum
597 2154 638 2218 (ut
652 2152 718 2207 Hor.
734 2155 784 2208 sat.
800 2152 825 2206 II
845 2159 869 2223 6,
889 2157 933 2224 80)
953 2154 998 2208 bic
1017 2154 1163 2224 paululum
1182 2155 1304 2211 inmuta-

131 2250 191 2301 tum
217 2246 273 2314 eet,
300 2246 331 2298 61
357 2244 458 2298 Lucan.
481 2243 492 2296 l
517 2247 569 2296 169
595 2244 642 2298 sed
666 2250 802 2313 quantam
821 2285 845 2298 ..
864 2261 934 2300 rura
956 2245 1090 2313 caleat„
1117 2250 1198 2300 tanta
1222 2248 1304 2316 quie.

131 2334 271 2390 ‘dolorist'
296 2351 359 2388 enm
378 2333 457 2388 Italis
477 2348 513 2386 an
532 2333 646 2387 anctore
665 2332 763 2387 Ellisio
782 2333 874 2403 prisca
899 2333 990 2389 forma
1010 2334 1166 2390 ‘doloreist'
1192 2352 1225 2390 ex
1250 2338 1305 2390 tra·
1364 2370 1370 2382 ·

131 2423 191 2479 dito
212 2423 303 2479 ‘dolor
321 2423 374 2478 est’
395 2422 548 2476 eruendum
568 2421 619 2489 sit,
638 2420 667 2476 in
686 2421 771 2477 dnbio
790 2423 893 2478 manet.

201 2511 265 2568 Non
286 2512 381 2581 inepte
403 2511 528 2566 Muretus
552 2510 663 2577 statuit,
691 2511 742 2566 hos
766 2528 864 2566 uersus
882 2511 1046 2568 tenerrimos
1070 2528 1131 2568 esse
1151 2513 1269 2583 scriptos
1289 2532 1307 2569 6

64 2651 65 2654 ,
131 2603 255 2669 Catullo,
274 2618 337 2655 enm
355 2600 497 2670 acciperet
514 2616 533 2654 a
551 2599 638 2655 Caluo
659 2600 749 2655 amico
769 2600 908 2668 libellum,
928 2618 983 2670 quo
1001 2602 1048 2657 hie
1066 2607 1174 2658 caneret
1193 2606 1307 2660 misma

129 2694 231 2760 funera
255 2691 408 2761 Quintiliae
431 2689 523 2760 (Prop.
549 2688 573 2741 ll
597 2695 644 2756 34,
665 2692 724 2757 90);
748 2690 778 2744 et
801 2689 911 2745 eddidit
932 2689 1127 2746 Isaehmannns
1150 2691 1199 2761 (ad
1222 2693 1304 2764 Prop.

130 2801 157 2852 p.
179 2784 254 2851 141),
274 2779 363 2835 uideri
381 2779 479 2834 adludi
499 2779 535 2832 ad
554 2795 631 2849 spem
651 2795 669 2832 a
682 2778 770 2833 Caluo
790 2795 948 2848 expressam
969 2778 997 2833 in
1017 2797 1072 2835 una
1090 2779 1187 2850 aliqua
1205 2782 1305 2851 elegia,

131 2887 164 2925 ex
183 2887 240 2941 qna
258 2873 399 2925 seruatum
419 2870 457 2925 eit
474 2869 664 2939 fragmentum
683 2866 753 2923 hoce
777 2871 821 2937 (1⁷
841 2867 913 2938 Lli.)
930 2868 1051 2934 [6161166
1068 2870 1118 2925 boe
1136 2870 1218 2924 etiam
1236 2888 1304 2940 paa-

129 2963 193 3017 deat
211 2963 274 3030 ipsa
291 2961 370 3017 eiaia.
408 2959 548 3014 nescimus
566 2960 674 3024 autern,
700 2973 822 3026 quonam
841 2958 923 3012 modo
942 2956 1077 3012 cecinerit
1096 2956 1199 3013 Caluus
1219 2959 1305 3025 Quin·

34 3114 46 3133 ¹
131 3050 209 3106 tiliae
228 3052 346 3105 mortem
365 3064 594 3118 praeproperam
617 3047 803 3117 suspicionem
822 3048 856 3101 de
875 3047 930 3101 hac
948 3063 978 3101 re
997 3045 1136 3117 prompsit
1152 3047 1305 3104 Merkeliue

130 3139 168 3194 ad
187 3139 267 3195 Ouid.
286 3138 326 3195 Ib.
347 3144 411 3203 3623
437 3137 486 3192 sed
509 3138 616 3191 certum
635 3139 690 3203 est,
717 3136 835 3192 cundem
854 3152 910 3192 non
936 3135 1057 3191 edidisse
1080 3136 1182 3191 librum
1202 3137 1305 3207 epistu-

130 3228 222 3282 larum
240 3242 323 3297 prosa
342 3228 467 3282 oratione
482 3227 519 3280 ad
538 3243 652 3281 uxorem
671 3224 739 3280 olim
759 3227 901 3281 datarum:
920 3225 1065 3281 uerissime
1082 3225 1195 3282 omnino
1212 3226 1306 3283 locum

130 3315 274 3371 Diomedis
292 3334 319 3386 p.
339 3321 399 3384 816,
421 3322 433 3368 1
455 3313 563 3370 Keilins
583 3315 702 3370 correxit
719 3314 750 3369 in
768 3313 960 3373 adnotatione.
989 3314 1090 3384 quodsi
1109 3316 1166 3370 iam
1187 3315 1306 3387 eripitur

129 3407 207 3462 locus
227 3406 338 3472 unicus,
362 3405 436 3458 unde
456 3403 622 3470 Quintilium
641 3402 722 3458 Calui
745 3420 857 3458 uxorem
881 3402 967 3457 fnisse
987 3406 1180 3474 sumpserunt,
1203 3405 1305 3460 nibilo-

130 3495 221 3551 minus
245 3495 315 3550 haec
338 3493 478 3549 sententia
501 3494 596 3547 manet
618 3491 825 3563 perprobabilis
852 3493 966 3562 propter
986 3509 1099 3546 cansam
1119 3511 1136 3548 a
1155 3493 1303 3548 Schwabio

130 3603 155 3653 q.
175 3584 204 3641 C.
225 3602 252 3654 6.
272 3585 417 3638 auersere
436 3582 590 3637 adsertam:
611 3580 771 3647 ‘Quintilis’
794 3596 895 3635 nornen
914 3597 1021 3647 nerum,
1041 3598 1096 3635 uon
1115 3581 1210 3635 fictum
1230 3598 1303 3648 esee;

129 3675 159 3727 61
176 3689 278 3729 nomen
296 3690 394 3727 uerum
413 3672 499 3726 etiam
519 3671 661 3724 Lucanum
680 3669 708 3722 in
727 3669 896 3738 Argentaria
915 3686 1000 3724 uxore
1019 3669 1177 3724 retinuisse.

651 3822 867 3881 xum·

203 3941 231 3997 l.
251 3940 314 3996 don
339 3940 398 4010 (ita
416 3952 462 3994 mo
482 3938 530 3994 del
552 3939 665 4009 ament)
686 3936 845 4004 quicqum
865 3936 984 3992 reterre
1002 3939 1120 4007 661661.
1158 3938 1305 3995 661661116

131 4031 336 4086 adfirmationis
351 4027 531 4098 1666616161.
547 4028 582 4080 ad
597 4026 658 4079 LXl
675 4029 746 4095 189),
766 4028 797 4079 61
811 4026 873 4082 Ter.
889 4026 983 4081 heaut.
997 4027 1036 4080 lll
1053 4034 1076 4096 1,
1091 4033 1126 4082 64
1142 4029 1171 4082 61
1184 4028 1222 4082 IV
1237 4033 1263 4095 8,
1277 4033 1305 4098 8,

130 4120 222 4174 Plaut
239 4119 339 4190 Amph.
356 4119 380 4172 ll
398 4126 422 4186 1,
433 4125 468 4174 60
482 4134 566 4187 aeque
579 4120 621 4170 ita
634 4132 674 4171 me
687 4118 718 4171 di
732 4122 831 4184 emeat,
846 4116 985 4172 credebam
1001 4116 1047 4184 (de
1064 4117 1116 4171 ‘di'
1132 4119 1259 4187 correpto
1273 4117 1304 4173 in

130 4206 211 4263 hiatu
225 4208 262 4264 ad
277 4208 325 4262 LV
339 4213 375 4277 4).
405 4207 472 4261 ‘non
487 4206 601 4276 quicq.’,
617 4205 657 4260 nil
671 4205 794 4273 omnino,
808 4207 841 4259 61
853 4205 946 4259 Plaut.
965 4203 1049 4260 Poen.
1069 4205 1094 4260 V
1109 4211 1134 4273 2,
1154 4211 1188 4260 68
1202 4221 1259 4261 aaa
1274 4247 1280 4261 .
1296 4249 1303 4262 .

131 4298 278 4368 66166666
288 4300 351 4354 seio.
362 4329 393 4336 —
403 4296 432 4351 8.
443 4297 584 4352 utrumne
594 4309 628 4351 os
637 4309 676 4349 an
688 4294 788 4351 culum
798 4294 962 4350 olfacerem
974 4294 1113 4351 Aemilio.
1137 4294 1171 4351 de
1182 4294 1303 4365 homine,

131 4385 176 4441 oni
200 4390 285 4457 poeta
308 4387 362 4442 hoe
387 4386 565 4456 contemptus
591 4384 692 4439 summi
711 4383 902 4440 testimonium
922 4383 1048 4455 exhibet,
1070 4384 1111 4439 nil
1130 4382 1229 4451 scitur;
1254 4383 1304 4440 sed
