2940 4912
605 334 891 392 PROLEGOMENA.
1291 338 1330 403 61

144 501 217 579 qnod
231 504 265 562 in
280 504 389 580 primo
404 504 485 565 libro
505 522 668 580 agnoscere
690 507 826 582 equidem
840 526 954 583 nequeo
973 507 1003 565 id
1018 508 1048 565 iu
1063 508 1105 567 eis
1121 528 1196 583 quae
1216 514 1335 569 restant

143 623 198 663 non
221 622 355 679 possum
381 623 444 664 nou
468 621 644 680 agnoscere:
668 623 830 680 numquam
851 605 1001 663 Catullum
1023 607 1120 665 sentio
1142 610 1332 683 recepturum

145 702 236 761 luisse
260 703 369 762 debile
395 702 474 761 illud
503 703 594 778 atque
623 702 740 761 elumbe
768 721 874 777 poema
897 703 1052 777 valssss,
1081 724 1242 781 numquam
1270 726 1336 782 per·

146 799 313 859 missurum
340 804 378 860 ut
396 801 470 860 illae
489 800 525 859 de
544 800 648 859 fratris
666 804 762 859 morte
782 802 933 876 querellae
953 801 997 861 bis
1017 804 1161 860 extarent
1197 803 1335 880 idemque

146 896 181 955 de
194 898 305 973 paucis
321 896 509 973 quibusdam
524 896 750 973 epigrammatis
765 902 874 956 statuo.
898 901 1107 974 postmortem
1122 899 1215 976 igitur
1229 907 1335 977 poetae

146 995 197 1053 illa
219 994 399 1071 composita
421 1013 489 1056 esse
512 1013 632 1071 censeo;
655 997 685 1054 et
709 995 757 1054 hic
780 996 811 1054 in
834 997 934 1057 uerbis
954 998 1152 1057 Martialiauis
1171 1001 1334 1076 uestigium

148 1093 301 1171 quoddam
327 1095 397 1154 ueri
419 1093 563 1154 odoratus
592 1094 666 1153 mihi
693 1094 806 1155 uideor.
853 1095 966 1154 scilicet
988 1094 1212 1157 Veronensibus
1235 1097 1335 1157 omnia

149 1192 226 1251 natis
255 1192 308 1251 sui
341 1193 503 1253 clarissimi
530 1193 675 1268 opuscula
701 1193 792 1269 digne
821 1194 906 1252 uulta
928 1197 1031 1252 extare
1054 1195 1242 1271 cupientibus
1265 1197 1335 1271 post

148 1292 211 1348 eins
234 1290 361 1350 obitum
384 1290 425 1350 ab
448 1291 544 1351 amico
562 1290 692 1368 quodam
709 1283 891 1367 (Veronensi
915 1294 945 1350 et
968 1292 1032 1367 ipso
1054 1283 1198 1371 fortasse)
1217 1293 1335 1368 reliqua

148 1394 294 1464 11111111
322 1389 401 1448 mihi
429 1389 571 1450 uidentur
597 1407 663 1448 esse
686 1388 819 1448 collecta.
866 1389 918 1447 sed
942 1390 1120 1467 quicumque
1144 1392 1203 1450 fult
1229 1392 1256 1450 is
1283 1391 1335 1467 qui

150 1487 277 1562 collegit
290 1506 343 1560 ea,
359 1487 416 1547 hoc
428 1505 508 1548 nunc
527 1486 730 1562 indagandum
745 1489 793 1544 est
810 1486 958 1561 quomodo
972 1489 1181 1563 composuerit.
1219 1488 1334 1547 Birtius

152 1583 215 1643 lieri
243 1585 388 1661 potuisse
415 1589 522 1662 negat,
549 1590 586 1644 ut
612 1584 742 1660 epyllion
771 1583 893 1660 longum
917 1585 1014 1643 LXIV
1043 1585 1102 1646 alio
1130 1589 1218 1646 modo
1245 1605 1336 1662 quam

152 1683 276 1759 proprio
300 1682 458 1743 uolumine
482 1684 629 1743 ederetur.
671 1681 796 1740 calidius
822 1683 876 1742 hoc
898 1683 962 1755 ille,
987 1687 1021 1742 ut
1044 1685 1104 1743 alia
1125 1685 1228 1744 multa.
1266 1703 1335 1744 nem

152 1782 207 1839 eui
233 1785 297 1840 iam
322 1786 415 1841 antea
438 1800 458 1841 a
476 1780 596 1842 Catullo
613 1781 679 1856 ipso
702 1780 769 1838 erat
792 1780 934 1839 emissum
953 1785 1117 1858 posteaque
1138 1782 1202 1842 eius
1221 1780 1336 1853 ἔκδυσις

151 1880 317 1953 peculiaris
342 1899 403 1940 non
430 1880 536 1940 deerat
558 1878 688 1937 fortasse
707 1871 759 1955 (dc
777 1877 824 1936 his
847 1878 937 1937 robus
961 1880 1005 1938 nil
1023 1872 1160 1959 scimus),
1183 1883 1284 1939 tamen
1305 1880 1336 1938 in

152 1977 285 2036 editione
298 1979 458 2037 commode
471 1977 532 2037 iam
546 1976 679 2038 carmina
693 1977 840 2035 restantia
849 1977 1064 2052 complectente
1077 1971 1122 2060 (et
1136 1980 1190 2039 has
1203 1984 1335 2039 omnium

154 2076 285 2134 maxime
310 2074 466 2136 adhibitas
489 2093 568 2149 esse,
591 2074 638 2134 his
662 2074 822 2150 scriptores
850 2074 940 2150 Iunge
963 2075 1108 2151 plurimos
1133 2078 1170 2137 ad
1193 2097 1247 2137 uos
1270 2096 1335 2154 per·

156 2173 275 2233 uenisse
299 2193 410 2233 uerum
433 2166 494 2255 cst)
519 2173 650 2250 epyllion
674 2172 749 2230 illud
772 2192 839 2232 cum
863 2173 931 2233 aliis
950 2177 1100 2251 opusculis
1124 2195 1143 2235 a
1163 2181 1259 2236 metro
1278 2176 1336 2235 dis·

156 2270 305 2331 similibus
331 2290 393 2331 non
415 2273 516 2349 potuit
538 2288 598 2330 non
621 2270 793 2330 consociari.
832 2271 966 2346 qualium
985 2273 1170 2331 uoluminum
1190 2275 1336 2332 miscella-

156 2386 281 2427 neorum
307 2370 481 2447 exemplum
510 2368 621 2429 sufficit
648 2369 808 2445 protulisse
836 2369 980 2429 siluarum
1005 2370 1209 2430 Statiauarum
1232 2373 1334 2431 libros.

156 2466 248 2542 igitur
272 2467 415 2529 reductor
438 2469 490 2528 ille
513 2468 569 2529 hoc
587 2467 652 2543 egit
670 2486 777 2540 unum,
800 2467 835 2524 ut
855 2464 1026 2526 Catulliana
1044 2469 1174 2545 undique
1193 2475 1336 2546 congesta

155 2569 222 2639 apta
246 2566 539 2644 adcommodatequc
562 2566 742 2641 disponeret.
788 2565 920 2625 continet
943 2585 965 2624 1.
987 2566 1055 2624 LXI
1079 2561 1119 2646 (si
1142 2568 1264 2627 lacunas
1288 2589 1334 2628 ex-

157 2664 287 2736 plemus:
312 2660 491 2746 1111111111.)
515 2665 719 2737 1111111240,
743 2663 826 2721 LXII
845 2663 950 2721 itidem
970 2665 1118 2739 suppletis
1142 2685 1219 2740 quae
1242 2668 1333 2726 iuter·

156 2763 294 2822 ciderunt
319 2765 383 2822 fere
408 2766 462 2837 90,
487 2762 585 2822 LXIII
613 2764 667 2836 93,
691 2759 788 2819 LXIV
816 2760 885 2817 olim
912 2756 961 2832 (ut
988 2765 1120 2837 suspicor
1144 2785 1178 2822 ex
1202 2765 1334 2824 hiatibus

157 2854 297 2940 detectis)
323 2865 398 2933 415,
423 2862 504 2920 LXV
525 2864 575 2934 24,
600 2858 697 2918 LXVI
718 2861 768 2933 94,
789 2858 900 2916 LXVII
920 2863 971 2932 48,
991 2861 1119 2919 LXVIII
1138 2867 1236 2921 totum
1259 2866 1333 2922 162:

157 2958 303 3017 babemus
333 2962 418 3019 1170
441 2960 504 3020 1111
529 2978 645 3018 uersus.
676 2959 735 3015 iam
759 2974 826 3013 cum
846 2957 1065 3033 epigrammata
1083 2961 1238 3036 sequentia
1258 2980 1335 3019 eom·

157 3058 329 3131 plectantur
353 3060 418 3117 330
442 3077 546 3118 uersus
567 3052 692 3139 (paruas
712 3055 856 3131 quaedam
876 3054 998 3116 lacunas
1018 3058 1086 3116 nolo
1107 3050 1261 3138 urguere),
1281 3064 1334 3117 aut

158 3176 249 3213 unum
280 3155 395 3214 librum
423 3157 530 3232 oppido
559 3157 687 3231 spissum
719 3155 804 3212 1500
833 3171 975 3210 uersuum
1007 3175 1042 3214 ax
1076 3157 1121 3215 his
1152 3157 1332 3216 carminibus

157 3254 276 3313 efficere
292 3254 378 3313 licuit
392 3259 454 3329 aut,
466 3255 491 3314 si
504 3256 552 3313 hic
566 3256 642 3313 liber
656 3255 721 3313 iure
737 3252 902 3327 meritoque
918 3254 1078 3329 displicuit,
1090 3255 1133 3314 ita
1142 3260 1223 3314 recte
1233 3257 1332 3314 distri-

159 3353 259 3427 buere,
275 3358 311 3410 nt
328 3372 387 3411 uno
404 3345 477 3432 (iam
495 3344 639 3432 secundo)
660 3352 811 3410 uolumine
826 3352 1147 3425 comprehenderentur
1164 3373 1204 3411 ce.
1221 3354 1330 3410 LXI—

158 3449 254 3509 LXIV
281 3444 594 3530 (ετ-8401111111.)
623 3454 653 3509 11
681 3451 777 3509 111111
805 3441 879 3529 (iam
908 3442 1014 3532 tortio)
1043 3471 1082 3510 cc.
1103 3450 1332 3510 LXV—CXVI

159 3550 211 3621 ’ζει
228 3542 389 3627 660111).
421 3568 516 3624 neque
536 3568 607 3608 sane
626 3549 771 3624 aptiorem
795 3547 846 3605 ille
870 3548 1004 3609 inuenire
1028 3550 1126 3625 potuit
1149 3549 1334 3610 distributio-

156 3666 236 3717 nem,
267 3646 417 3722 siquidem
445 3648 560 3723 elegiae
592 3647 724 3705 omnium
752 3647 864 3721 optime
892 3650 1149 3725 coniungebantur
1177 3668 1243 3707 cum
1274 3651 1332 3726 epi-

156 3745 353 3820 grammatIs:
371 3750 566 3821 utrorumque
580 3746 677 3804 forma
690 3748 737 3803 est
751 3744 854 3803 eadem
869 3766 922 3820 per
937 3746 1072 3806 disticha.
1106 3748 1224 3824 iamque
1241 3751 1270 3807 iu
1287 3751 1333 3809 his

155 3843 312 3920 opusculis
332 3844 402 3903 olim
418 3845 512 3903 artius
526 3844 690 3904 coniunctis
710 3844 790 3901 ultro
809 3845 1021 3921 intellegimus,
1037 3867 1089 3905 cur
1104 3847 1213 3905 LXVII
1234 3851 1333 3923 potius

156 3942 389 4019 epigrammatis
404 3941 630 4001 adscribendum
644 3945 675 4001 ct
685 3940 810 4000 LXXVI
821 3942 899 4001 iuter
909 3943 1020 4019 elegias
1031 3946 1127 4022 magis
1144 3947 1333 4005 referendum

155 4052 217 4100 tam
238 4058 340 4116 parua
357 4059 425 4099 oum
444 4059 516 4099 cura
534 4041 595 4100 sint
613 4041 830 4100 1111111111-
847 4061 881 4100 ex
902 4041 945 4100 eis
965 4061 1040 4117 quae
1060 4064 1151 4119 supra
1170 4046 1206 4102 de
1226 4046 1333 4119 fragm.

156 4138 270 4198 l-IV
300 4137 455 4214 dIsputaui
483 4140 579 4200 elucet
606 4160 653 4200 me
681 4141 723 4200 sle
751 4144 896 4212 statuero,
930 4141 959 4198 in
988 4142 1166 4217 antiquitate
1195 4143 1334 4215 poemata

154 4242 276 4316 quidem
309 4237 423 4297 Catulli
450 4257 508 4297 non
536 4239 628 4298 fulsse
656 4243 727 4297 nota
755 4240 842 4314 plura
870 4258 958 4314 quam
987 4244 1040 4298 aut
1068 4240 1131 4314 ipse
1160 4240 1189 4296 iu
1218 4239 1294 4297 libro
1319 4239 1333 4297 I

153 4339 251 4398 edidit
273 4341 331 4397 aut
354 4340 424 4412 post
447 4336 510 4395 eius
534 4337 648 4395 obitum
673 4336 808 4395 inlibris
829 4336 859 4394 II
882 4342 913 4396 et
937 4337 982 4395 111
1006 4342 1075 4397 suut
1101 4337 1225 4396 collecta
1249 4330 1334 4421 (uam

153 4436 188 4496 de
211 4437 328 4513 fragm.
353 4432 381 4490 V
405 4433 441 4495 11.
464 4426 591 4515 comm).
