2940 4912
182 338 248 404 556
647 337 787 394 LXXVIII
808 345 884 395 1-4.

182 518 204 556 c.
222 499 387 569 LXXVllIl3
408 501 481 569 quod
502 502 545 569 (ut
562 501 619 556 alia
633 504 741 556 taceam
763 501 867 569 omnia)
882 500 939 554 iam
955 518 973 555 a
990 495 1229 570 palaeographiea
1247 495 1360 552 ratione

181 589 345 658 neutiquam
365 590 586 646 commendatur.

253 678 370 745 Rufum,
389 679 419 733 in
438 696 521 748 quem
541 679 571 734 hi
589 696 688 734 uersus
707 681 773 733 sunt
790 679 872 747 lectt,
891 696 951 734 esse
968 681 1006 734 M.
1021 679 1146 735 Caelium
1167 678 1272 732 Rufum
1290 677 1359 732 olim

183 766 314 822 AStatius
343 771 372 822 et
390 768 516 823 Muretus
535 769 734 824 diuinauerunt
753 768 798 835 (cl.
819 785 904 838 supra
922 787 948 838 p.
969 770 1031 838 33);
1054 771 1119 823 sunt
1141 770 1237 823 autem
1261 768 1360 838 scripti

181 856 224 910 illi
247 858 333 927 paulo
356 859 421 928 post
444 874 466 911 c.
486 854 624 920 valnb,
648 860 680 912 ut
703 860 732 912 et
754 857 825 911 illud
850 857 955 911 ‘omnia
979 859 1076 912 nostra
1098 857 1184 912 boua'
1211 856 1359 927 probabile

181 946 277 1000 reddit
296 949 325 1000 et
343 946 481 1001 euincitur
495 946 631 1016 eripiendi
650 948 738 1001 uerbo
757 954 815 1003 ul
835 947 927 1016 obuio,
945 947 1050 1016 quippo
1069 948 1144 1018 quod
1162 962 1217 1000 non
1232 947 1360 1017 potuerit

182 1033 309 1088 adhiberi
328 1033 383 1088 uisi
402 1035 437 1090 de
456 1053 489 1090 eo
508 1035 556 1103 qui
575 1034 683 1104 primus
702 1035 818 1090 Lesbiae
837 1052 905 1106 erga
926 1039 1039 1106 poetam
1058 1036 1141 1091 fidem
1164 1037 1357 1107 temptauerit

182 1140 236 1193 qno
261 1123 334 1178 enim
358 1124 431 1192 iure,
454 1125 567 1192 amabo,
592 1125 615 1180 si
639 1126 742 1180 ltulum
767 1125 920 1181 secundum
943 1126 989 1180 uel
1012 1126 1127 1180 tertium
1151 1126 1197 1181 uel
1225 1130 1357 1194 quartum

181 1215 247 1281 post
265 1211 405 1267 Catullum
425 1213 523 1268 habuit
541 1213 642 1270 Lesbia
660 1214 757 1270 lectuli
778 1215 897 1284 socium,
917 1216 1055 1271 uocabulo
1073 1214 1127 1270 isto
1145 1218 1241 1269 noster
1259 1216 1360 1271 uteba·

180 1303 244 1356 tur?
286 1301 388 1355 Rufum
417 1303 504 1372 igitur
531 1321 595 1358 eum
623 1303 709 1357 fuisse
738 1321 901 1359 censeamus
929 1307 1054 1374 oportet,
1083 1304 1132 1372 qui
1159 1305 1278 1360 absente
1306 1304 1357 1362 illo

182 1389 298 1445 Lesbiae
325 1391 377 1446 sibi
402 1392 566 1448 conciliaret
592 1409 724 1448 amorem.
766 1396 796 1448 et
819 1395 842 1447 si
866 1395 895 1448 in
919 1411 941 1449 e.
966 1393 1031 1447 VIII
1054 1392 1181 1448 Catullus
1209 1393 1305 1450 adhuc
1327 1413 1357 1450 se

181 1480 307 1549 ignarum
328 1497 389 1536 esse
408 1481 544 1549 ostendit,
564 1498 677 1535 curnam
691 1481 793 1536 Lesbia
811 1499 828 1535 a
847 1501 876 1537 sc
891 1483 1014 1537 alienata
1028 1481 1077 1550 sit,
1097 1498 1209 1536 carmen
1225 1485 1354 1539 nostrum
1393 1549 1402 1556 ,

180 1567 306 1636 proximo
334 1572 399 1639 post
422 1571 475 1625 hoc
499 1588 522 1626 c.
543 1571 607 1625 Vlll
631 1572 756 1640 tempore
780 1572 886 1626 lactum
909 1588 969 1626 esse
993 1573 1111 1641 apparet
1133 1574 1207 1639 tum,
1234 1589 1299 1627 eum
1322 1574 1357 1630 dc

180 1674 267 1713 causa
284 1660 419 1728 perfidiae
438 1661 541 1716 certior
560 1662 645 1716 lieret.

672 1817 858 1873 LXXVIII.

253 1927 281 1983 1.
300 1926 406 1984 Gallus
420 1914 512 1984 habet
527 1929 653 1985 1111111.
684 1929 780 1983 Gallus
794 1928 857 1999 quis
871 1930 909 1984 sit
923 1929 1051 1998 ignorare
1066 1946 1095 1984 se
1110 1929 1233 1984 fatentur
1247 1949 1359 1999 omues3

180 2033 233 2085 ego
256 2033 313 2071 non
336 2036 435 2074 uereor
457 2035 491 2072 ne
515 2035 652 2072 nouarum
675 2035 768 2073 rerum
794 2019 911 2088 cupidus
935 2016 1045 2085 uidear,
1070 2019 1093 2072 si
1116 2017 1204 2074 libore
1228 2037 1357 2088 promam

180 2122 266 2173 quam
285 2107 400 2176 concepi
419 2106 614 2177 suspicionem.
643 2107 747 2162 alonim
766 2109 832 2161 ι1ιιιιι
852 2109 996 2176 recordor,
1015 2111 1189 2178 quantopere
1208 2113 1286 2164 amet
1305 2111 1357 2165 Ca·

179 2193 266 2248 tullus
285 2195 397 2250 eosdem
417 2197 543 2251 homines
563 2198 600 2251 ob
619 2197 715 2251 eadem
731 2196 802 2251 uitia
817 2197 903 2250 tranis
918 2196 1009 2252 modis
1024 2197 1191 2267 inpugnare,
1211 2216 1237 2252 u.
1254 2207 1270 2254 6
1284 2199 1357 2254 illud

181 2285 308 2353 ‘patruus
327 2285 432 2354 patruI'
453 2286 550 2355 legens
568 2284 658 2340 inuito
678 2287 771 2340 animo
791 2303 845 2339 non
865 2303 987 2356 agnosco
1006 2289 1137 2355 patruum
1152 2304 1185 2341 en
1201 2305 1224 2342 c.
1241 2288 1356 2343 LXXIV

179 2373 260 2428 nobis
279 2374 350 2428 bens
369 2376 473 2429 uotum.
511 2375 614 2442 inquo
634 2376 755 2429 carmine
780 2391 834 2429 nou
855 2376 944 2430 solum
965 2375 1072 2430 Gellius
1095 2375 1198 2442 iuuior,
1225 2378 1275 2431 sed
1295 2379 1357 2448 ipse

181 2480 292 2531 quoque
310 2465 427 2534 patruus
446 2463 542 2533 aliqua
561 2481 594 2519 ex
613 2467 693 2533 parte
710 2463 920 2534 perstringitur,
939 2468 971 2519 ut
985 2464 1191 2533 intellegamus,
1211 2466 1241 2520 in
1260 2472 1357 2522 nostro

180 2554 301 2608 carmine
326 2553 493 2623 peculiarem
519 2554 547 2607 in
566 2553 678 2607 Gallum
703 2555 834 2623 patruum
857 2551 1008 2607 inuehendi
1032 2555 1179 2609 materiam
1203 2554 1258 2610 sibi
1281 2574 1356 2611 sum-

179 2642 268 2711 psisse
287 2646 409 2711 poetam.
439 2643 516 2697 cuius
535 2643 633 2696 iratres
652 2643 707 2697 duo
722 2642 768 2712 (cf.
784 2661 810 2699 ιι.
826 2647 852 2707 1)
871 2645 988 2712 possunt
1005 2642 1090 2697 fuisse
1105 2645 1136 2697 L.
1151 2642 1259 2697 Gellius
1274 2650 1356 2713 pater

180 2747 212 2784 ex
237 2731 350 2786 Valerio
369 2731 492 2787 Maximo
511 2731 559 2800 (ad
578 2730 701 2801 LXXIV)
729 2734 758 2786 et
781 2730 887 2785 Gellius
911 2731 1055 2800 Poplicola
1079 2749 1112 2786 ex
1136 2732 1267 2787 Sestiana
1284 2735 1355 2789 noti.

179 2837 334 2892 cognomen
354 2820 475 2874 ‘Gallus’
503 2824 600 2876 notum
626 2822 669 2874 est
691 2821 876 2890 complurium
899 2820 1068 2875 familiarum
1092 2820 1178 2875 fuisse
1201 2821 1355 2891 proprium.

181 2942 214 2951 -
236 2912 265 2981 l,
284 2910 313 2964 1.
331 2909 520 2979 leplnlsslna
541 2943 571 2950 -
593 2910 724 2979 lepidus.
753 2911 822 2966 baec
842 2928 897 2965 uox
916 2911 997 2979 plane
1014 2911 1046 2963 ut
1059 2929 1085 2966 u.
1100 2917 1117 2964 4
1133 2911 1247 2964 ‘bellus'
1265 2913 1356 2978 (cuius

179 3006 223 3055 est
238 3018 433 3070 synonymum:
450 2999 541 3055 Plaut.
557 2998 636 3069 Capt.
653 2999 676 3052 V
692 3007 717 3066 2,
733 3007 748 3054 3
762 3001 869 3069 scirpo
883 3001 976 3066 bellae,
991 3000 1107 3069 lepidus)
1121 3001 1180 3052 tam
1195 2999 1231 3052 ad
1246 2999 1354 3054 formae
1414 2992 1419 3006 ⁶

179 3107 262 3158 quam
274 3090 308 3143 ad
323 3089 429 3158 ingenii
439 3089 585 3158 cultusque
601 3090 751 3144 amabilem
764 3090 883 3158 gratiam
895 3092 1011 3159 spectat,
1022 3093 1054 3142 ut
1064 3090 1126 3142 Ter.
1138 3089 1238 3143 Heaut.
1249 3088 1274 3141 V
1284 3096 1309 3155 t,
1323 3096 1354 3144 16

178 3178 250 3232 dabo
270 3180 346 3232 illum
365 3179 484 3246 lepidum
503 3195 583 3247 qaum
603 3184 633 3231 tu
651 3181 734 3245 facile
753 3196 825 3233 ames
844 3179 890 3248 (cs.
911 3179 994 3233 etad
1014 3177 1093 3232 Corn.
1114 3180 1152 3245 l);
1172 3179 1202 3231 et
1218 3177 1304 3246 plsue
1323 3183 1355 3233 ut

179 3285 205 3320 u.
221 3274 237 3319 4
258 3267 371 3320 ‘bellus’
393 3270 509 3321 uenuste
529 3284 584 3320 uox
603 3267 652 3320 illa
667 3268 815 3336 repetitur:
835 3268 955 3338 append.
970 3268 1031 3321 Tib.
1048 3266 1085 3318 IV
1103 3272 1125 3332 1,
1143 3272 1175 3319 10
1194 3284 1256 3320 cum
1270 3268 1355 3336 dipno

182 3356 269 3424 dique
287 3357 372 3421 faisse
389 3358 473 3422 seror.
500 3387 532 3396 -
557 3356 586 3411 3.
607 3355 713 3411 Gallus
732 3357 820 3410 homo
840 3359 887 3413 est
904 3356 1014 3412 bellus.
1051 3373 1104 3408 uox
1123 3356 1223 3430 ultima
1241 3373 1298 3409 non
1317 3356 1354 3409 ad

180 3444 256 3498 XXII
277 3452 293 3498 9
312 3449 362 3499 aut
380 3445 469 3499 XXlV
487 3452 502 3500 'l
522 3445 685 3515 accipienda
704 3449 760 3511 est,
780 3446 828 3500 sed
849 3446 939 3516 magis
958 3446 986 3500 iu
1006 3445 1109 3499 malam
1124 3446 1232 3514 partem
1248 3449 1355 3498 etcum

180 3537 308 3604 respectu
332 3554 357 3588 ιι.
378 3541 404 3588 4:
433 3536 584 3590 secundum
609 3535 701 3589 Plaut.
728 3553 809 3590 merc.
830 3535 868 3587 IV
890 3542 919 3603 1,
938 3540 972 3589 21
996 3535 1073 3589 illum
1096 3549 1150 3589 ease
1172 3536 1289 3588 amicum
1312 3536 1355 3588 11ιί

178 3627 237 3679 uiri
260 3627 407 3680 bellismensi
431 3627 461 3678 et
479 3625 515 3678 lV
536 3632 565 3692 5,
587 3632 619 3680 10
644 3632 708 3680 tuae
730 3632 808 3693 proter
833 3627 1003 3680 bellissumus
1027 3625 1144 3678 amicum
1168 3623 1287 3677 diduxit
1311 3626 1355 3676 est

179 3715 262 3768 homo
282 3714 371 3768 bellus
390 3713 474 3768 eliam
494 3714 517 3767 is
536 3715 584 3782 qui
604 3714 694 3768 bellas
714 3714 831 3769 feminas
851 3716 939 3780 amat3
960 3713 994 3766 ef.
1013 3711 1148 3782 gallicum
1170 3711 1219 3763 ‘uu
1238 3710 1353 3779 gelant

178 3805 310 3858 homme'.
348 3803 417 3857 haec
441 3802 533 3872 patrui
557 3803 633 3857 illius
653 3801 805 3872 descriptio
830 3819 862 3857 eo
887 3807 929 3856 est
947 3801 1079 3867 iocosior,
1105 3800 1271 3875 quominus
1289 3818 1353 3855 cum

178 3891 302 3946 moribus
321 3891 380 3946 eius
400 3893 504 3947 seueris
521 3892 694 3961 austerisque
709 3890 833 3959 (LXXIV
851 3899 862 3944 1
879 3894 931 3960 sq.)
945 3888 1086 3957 congruit:
1106 3889 1227 3943 sortasse
1241 3906 1285 3942 res
1300 3889 1352 3943 illa

178 4001 204 4037 u.
224 3988 240 4035 4
259 3984 388 4036 enarrata
407 3980 488 4035 Gallo
510 3981 609 4049 ignaro
632 3982 661 4035 in
681 3982 763 4035 domo
787 3982 845 4034 eius
868 3980 983 4044 occidit,
1008 3979 1056 4032 sed
1079 3996 1096 4032 a
1119 3980 1204 4046 poeta
1227 3977 1353 4047 maligne

177 4072 219 4125 ita
241 4071 420 4136 describitur,
449 4072 528 4139 quasi
552 4070 643 4141 rigido
667 4072 716 4124 illo
740 4069 853 4124 uirtutis
877 4069 1017 4124 adsertore
1042 4068 1153 4119 conscio
1177 4068 1263 4133 atque
1289 4084 1352 4122 cou-

177 4160 290 4215 ciliunte
310 4162 349 4215 111
366 4159 448 4216 facta.
469 4192 502 4200 —
522 4161 625 4217 dulces
644 4159 745 4227 lunglt
763 4173 890 4215 amores.
920 4158 953 4212 cl.
969 4155 1005 4210 ad
1020 4152 1107 4210 LXIV
1123 4157 1175 4205 372
1195 4156 1225 4205 et
1243 4154 1351 4222 passim

178 4248 293 4303 obuium
317 4248 387 4303 illud
412 4249 519 4304 ‘dulcia
541 4251 637 4305 furta’.
664 4282 697 4290 -
721 4248 749 4304 l.
773 4264 839 4303 cum
859 4245 957 4316 puero
981 4244 1015 4298 ut
1036 4241 1116 4296 bello
1141 4239 1222 4293 bello
1246 4244 1353 4309 puella

177 4337 277 4393 erubet.
315 4339 379 4392 uide
399 4340 433 4391 ad
454 4339 541 4393 LXlX
560 4347 589 4403 83
609 4338 736 4393 uariaudi
755 4338 848 4407 gratia
872 4336 916 4389 hic
939 4350 989 4404 pro
1010 4327 1141 4398 ‘lepidus'
1163 4331 1207 4381 est
1226 4330 1350 4398 positum

180 4426 310 4496 ‘bellus'3
337 4427 429 4482 Plaut.
452 4429 554 4483 Bacch.
578 4429 589 4481 1
615 4436 643 4497 l,
667 4433 701 4483 48
727 4428 833 4498 lepidas
857 4442 918 4479 cum
941 4419 1032 4490 lepido
1056 4415 1174 4471 accubet.
1218 4417 1352 4474 nimirum
