2940 4912
169 318 233 379 566
663 317 790 373 lrilvlllb
808 326 851 374 66.

169 478 246 547 6666’
277 477 337 531 siue
366 477 467 531 incitus
497 476 657 546 effusasque
680 480 756 546 (Hor.
781 462 825 534 od'.
850 478 862 531 1
887 484 912 547 7,
936 484 968 533 le
987 491 1120 546 praeceps
1141 474 1228 542 Arrio)
1254 473 1290 527 de
1312 487 1343 526 se

148 628 155 643 ὁ
170 567 302 621 uoluatur
320 565 413 635 (Prop.
429 565 440 617 Ι
454 573 480 634 3,
495 573 529 620 66
548 584 663 621 mamre
680 568 713 622 de
728 584 819 637 proruo
832 584 910 636 saepe
928 567 1025 621 uoluta
1042 566 1123 631 sinu,
1141 563 1202 619 066.
1216 560 1291 617 va
1307 567 1343 616 63

168 673 256 726 prurio
275 672 406 725 praeceps
429 656 523 725 apitru·
545 656 683 723 deeurerr);
708 673 798 724 neque
822 657 896 711 enirn
921 656 1014 725 adest,
1037 655 1070 709 ut
1087 651 1211 707 Muretus
1233 650 1344 719 statuit,

170 744 268 800 tmesis
288 762 372 814 quum
397 747 499 798 uocant
518 745 728 813 (‘deuolutus’),
751 746 801 799 sed
824 746 953 799 uidemur
975 745 1066 798 riuum
1089 741 1170 797 nobis
1193 740 1289 795 uidere
1309 741 1343 794 de

171 833 244 889 saxis
268 833 296 887 in
320 850 386 886 suxu
410 851 459 900 per
483 832 587 887 uallem
612 851 642 887 66
665 833 912 902 praecipitantem
938 833 1020 901 Verg.
1045 833 1095 888 ecl.
1119 837 1149 898 6,
1171 834 1207 884 84
1229 845 1344 884 6666666

171 924 242 977 inter
261 923 411 977 ‹teeurruut
435 922 552 988 tluruiuu
572 923 665 976 ualles.
706 922 777 976 ‘iter
794 923 909 992 populi’
935 923 979 977 est
995 922 1045 975 uia
1066 920 1179 990 publiea
1197 916 1344 987 (gallicum

173 1010 358 1077 ‘chaussee’),
378 1027 449 1077 quae
468 1008 582 1064 Graecis
601 1011 680 1065 audit
705 1006 772 1072 ὁδὸς
791 1010 950 1081 (κέλευθος)
969 1007 1111 1079 tenuique
1129 1008 1221 1077 (Hom.
1241 1006 1272 1059 ll.
1293 1005 1343 1059 XV

173 1106 234 1164 661,
253 1098 371 1153 Nieaud.
387 1099 465 1151 Alex.
480 1100 557 1168 tlssl:
577 1100 659 1167 Prop.
676 1098 713 1152 lll
730 1107 771 1166 16,
788 1106 822 1154 26
842 1102 929 1170 (terre
946 1099 1096 1169 frequenti)
1114 1114 1169 1167 que
1187 1098 1258 1163 [6666
1276 1097 1344 1151 aesi-

172 1191 227 1243 (666
244 1189 353 1242 tramite
371 1188 472 1255 uulpes
490 1189 555 1253 iter,
573 1187 635 1241 Nux
653 1194 665 1240 l
687 1205 746 1242 nux
764 1206 811 1258 eqo
825 1191 921 1243 iuncto
940 1190 1004 1243 uiue
1023 1229 1046 1244 ..
1066 1205 1085 1241 6
1100 1187 1204 1257 populo
1221 1192 1342 1254 praeter·

172 1284 251 1332 euute
271 1282 364 1346 petor,
390 1274 467 1330 Luer.
493 1275 529 1328 Vl
555 1282 622 1330 1267
647 1294 697 1344 per
722 1279 823 1347 populi
845 1279 949 1346 pressim
979 1279 1039 1332 loca
1066 1281 1196 1346 promptu
1221 1277 1343 1346 uiasque.

174 1363 327 1420 ‘transire’·
336 1363 441 1434 duplici
460 1365 548 1418 utitur
567 1365 785 1433 significatione3
804 1384 869 1420 nam
889 1365 985 1430 tertia,
1006 1383 1062 1436 qua
1076 1366 1228 1420 seeundum
1243 1364 1343 1419 dictio·

172 1472 222 1508 nes
248 1455 299 1507 ‘ire
322 1452 389 1506 iter'
417 1456 500 1519 (anet.
524 1453 551 1505 b.
576 1453 633 1506 666.
654 1460 670 1507 6
695 1456 723 1508 66
747 1457 791 1523 76)
816 1457 845 1509 66
870 1455 921 1509 ‘ire
945 1455 1017 1509 uius’
1043 1455 1086 1521 (ut
1108 1454 1189 1522 Prop.
1216 1452 1225 1505 Ι
1252 1458 1346 1519 l,1'1)

173 1543 347 1611 coniungunt
366 1540 430 1595 ‘iter
448 1542 577 1595 transire’
599 1544 643 1611 (=
664 1542 813 1609 conficere,
833 1545 927 1612 Nepos
942 1546 1024 1612 Ages.
1041 1548 1066 1608 4,
1080 1546 1109 1607 4)
1128 1542 1241 1610 iamque
1260 1541 1343 1595 inter-

175 1633 318 1700 pretentur
347 1630 412 1684 ‘iter
437 1648 516 1683 suum
542 1630 655 1684 conficit
679 1631 768 1684 fluens
795 1650 845 1701 per
871 1630 993 1686 mediam
1020 1630 1164 1700 planitiem
1191 1630 1345 1685 incolarum

175 1721 309 1790 plenum’,
331 1719 416 1772 nimis
439 1736 493 1772 uon
518 1720 608 1774 solum
633 1719 782 1774 arbitraria
800 1726 876 1789 (nam
897 1720 1067 1789 ‘planitiem’
1094 1719 1129 1772 de
1148 1735 1199 1773 suo
1217 1718 1346 1787 addunt),

175 1810 223 1864 ssd
246 1810 332 1864 etiem
355 1808 475 1862 absurda
498 1811 551 1874 est,
578 1808 714 1877 siqnidem
736 1810 861 1863 ‘densus’
884 1810 1003 1880 populus
1025 1825 1081 1862 nou
1104 1808 1176 1861 alins
1199 1810 1244 1861 est
1261 1825 1346 1876 qnam

175 1899 339 1963 ‘conlel·tus,
363 1897 393 1951 in
417 1916 501 1951 unum
526 1898 732 1968 congregatus'.
771 1902 865 1968 potest
888 1901 982 1954 autem
1007 1897 1149 1952 ‘transire’
1170 1896 1261 1965 primo
1286 1914 1346 1951 esse

176 1988 249 2042 idem
277 1989 363 2054 atque
391 1986 575 2054 ‘peruadere’
604 1986 679 2054 (Hor.
699 1988 779 2056 epist.
803 1987 816 2040 I
839 1995 869 2056 6,
894 1995 926 2042 69
950 1989 1089 2054 differtum
1112 1986 1232 2040 6666666
1255 1987 1347 2052 serum

170 2077 379 2145 populumque)3
405 2073 477 2127 unde
501 2074 559 2127 ium
578 2075 654 2129 riuus
673 2074 750 2129 nium
777 2094 950 2130 communem
976 2093 1069 2130 secure
1093 2074 1214 2128 mediam
1234 2072 1345 2127 dieitur.

175 2164 237 2232 sed,
256 2163 285 2216 di
304 2162 385 2229 boni,
404 2164 467 2233 quis
486 2163 514 2217 in
535 2165 582 2218 uia
600 2164 714 2233 publicu
732 2168 808 2231 (uam
829 2167 862 2219 de
882 2165 978 2234 paruis
997 2162 1115 2217 callibus
1135 2161 1281 2217 semitisne
1301 2163 1347 2218 hic

175 2271 230 2309 666
249 2253 296 2322 agi
315 2254 398 2308 docet
421 2253 548 2308 additum
568 2253 703 2322 ‘populi’)
728 2255 784 2308 tale
810 2253 964 2322 quidquam
983 2256 1033 2306 aut
1051 2252 1123 2307 uidit
1146 2269 1277 2320 umquam
1298 2254 1349 2306 sut

176 2341 303 2396 audiuit?
332 2359 387 2396 666
406 2344 523 2395 nouerat
536 2344 611 2396 certe
625 2342 654 2395 in
670 2341 753 2396 ltalia
768 2343 851 2410 poeta
866 2342 1002 2396 eiusmodi
1017 2341 1119 2395 itinera
1137 2339 1259 2410 publiea
1286 2344 1347 2395 tum

177 2431 317 2484 ‘transire'
339 2430 416 2484 ualet
436 2431 611 2499 ‘praeterire’
633 2433 676 2498 (ut
693 2431 782 2486 Lucil.
803 2430 892 2484 XXIX
912 2436 946 2484 39
966 2430 1001 2484 Μ.
1023 2431 1148 2499 paneade
1165 2436 1190 2484 66
1208 2431 1286 2483 iutra
1303 2431 1349 2484 uel

176 2521 226 2586 da,
248 2537 330 2589 quam
353 2521 385 2574 ob
407 2537 463 2574 rem
481 2522 630 2588 transeas);
648 2519 764 2575 ethaeo
783 2521 891 2589 imago,
910 2536 967 2588 qua
983 2518 1060 2573 riuus
1078 2518 1158 2573 iuxta
1175 2516 1230 2573 iter
1248 2517 1348 2588 populi

177 2610 263 2663 fluens
287 2609 459 2677 depingitur,
483 2609 523 2663 ita
547 2612 591 2663 est
613 2613 671 2662 tam
691 2610 842 2663 secundum
866 2625 957 2662 rmum
980 2612 1108 2661 naturam
1129 2622 1211 2674 quarn
1232 2623 1348 2675 6666666

177 2697 308 2766 dignitati
328 2699 507 2766 conueniens,
529 2699 560 2750 66
579 2698 658 2752 unice
677 2715 744 2752 uera
762 2703 885 2767 aptaque
905 2697 942 2751 sit
957 2696 1109 2750 censenda:
1127 2713 1161 2749 ex
1180 2712 1254 2763 aqua
1267 2711 1347 2763 pree-

177 2787 323 2841 terllnente
347 2787 439 2841 uiator
461 2786 564 2840 sudeus
588 2786 741 2855 sitiensque
760 2787 856 2841 haurit
879 2787 1016 2840 leuamen.
1053 2782 1103 2838 sed
1121 2784 1194 2838 hane
1211 2785 1348 2854 interpre-

177 2877 313 2930 tationem
329 2875 513 2931 ueeessuriam
528 2877 552 2928 si
567 2877 716 2943 sequimur,
731 2877 817 2930 uerba
831 2874 1029 2945 praecedentia
1043 2875 1104 2943 ‘per
1118 2873 1239 2927 medium
1255 2873 1346 2928 densi’

177 2967 251 3019 sture
271 2969 424 3034 nequeunt,
448 2982 520 3033 quae
540 2984 588 3034 per
612 2982 641 3019 66
661 2966 716 3019 ium
737 2965 929 3019 dubitationes
953 2963 1028 3016 houd
1048 2961 1201 3017 medioeres
1226 2966 1347 3017 mouent.

178 3055 221 3109 sac
241 3055 343 3108 ‘densi'
365 3070 423 3109 esse
442 3070 592 3123 66666666
610 3053 747 3121 ‘differti‘,
766 3054 814 3108 sed
831 3053 957 3108 ‘erebri’:
977 3052 1117 3120 quomodo
1135 3052 1188 3107 hoc
1206 3052 1234 3105 in
1254 3053 1346 3122 regio·

176 3161 239 3197 uem
258 3144 350 3198 auiam
371 3144 527 3211 solumque,
547 3143 576 3195 in
595 3162 650 3211 qua
669 3143 770 3197 uiatori
789 3142 927 3196 iucundus
946 3145 990 3196 est
1009 3143 1097 3208 riuus,
1117 3140 1266 3195 conuenit?
1295 3159 1346 3195 suo

178 3233 265 3301 igitur
283 3232 342 3285 iure
363 3232 463 3286 ‘densi'
484 3232 512 3285 in
537 3233 639 3285 mendo
659 3233 759 3286 cubare
784 3231 977 3301 pronuntiauit
995 3230 1153 3283 Huscbkius
1173 3228 1266 3299 [epist.
1287 3231 1348 3285 crit.

177 3323 212 3376 ad
233 3322 344 3376 Sunten.
364 3339 390 3390 p.
412 3322 472 3391 95],
496 3321 575 3375 cuius
598 3321 781 3390 temptamine
805 3320 909 3375 reiecto
928 3319 1068 3388 Hauptius
1092 3321 1197 3387 [opusc.
1219 3317 1229 3369 Ι
1254 3336 1281 3386 p.
1300 3317 1348 3387 64]

178 3410 360 3480 probabiliter
384 3410 527 3479 rescripsit
550 3411 690 3464 ‘sensim’z
717 3414 866 3479 postquam
890 3426 1025 3479 praeceps
1050 3407 1126 3461 riuus
1149 3410 1193 3461 est
1215 3407 1249 3460 de
1273 3405 1349 3461 ualle

178 3501 302 3567 uolutus,
324 3500 377 3554 iam
400 3501 427 3553 in
447 3499 564 3568 planitie
584 3499 658 3553 lente
685 3500 804 3568 profluit.
842 3500 876 3553 ef.
896 3497 952 3552 Cio.
973 3496 1045 3552 Phil.
1067 3497 1089 3548 ll
1112 3502 1153 3562 17,
1173 3502 1207 3549 42
1227 3496 1273 3549 ille
1289 3513 1348 3550 666-

177 3594 229 3645 sim
247 3593 353 3645 dieedut
369 3593 442 3659 quod
460 3607 559 3644 caueae
573 3591 723 3659 prodesset,
743 3596 773 3643 tu
792 3590 893 3643 mereim
911 3589 982 3642 dieis
1000 3588 1099 3641 alienu.
1138 3584 1188 3638 sed
1207 3601 1258 3638 666
1277 3584 1348 3637 illud

180 3681 326 3735 ‘medium'
348 3684 422 3734 utere
442 3697 535 3749 posse,
555 3696 588 3734 ex
607 3680 647 3734 eis
662 3695 733 3746 quae
751 3677 892 3747 disputaui
908 3678 1007 3731 elucet.
1036 3678 1120 3744 atque
1135 3678 1264 3744 respectu
1279 3673 1348 3726 artis

178 3771 268 3836 illius,
291 3788 347 3837 qua
370 3770 540 3837 singularum
565 3769 737 3822 locutionum
762 3785 795 3820 ex
814 3764 953 3821 contr-urio
978 3766 1187 3820 conlocatarum
1207 3761 1347 3817 concinni-

178 3862 266 3912 tatem
290 3876 355 3927 prae
379 3857 480 3911 ceteris
504 3860 646 3910 sectantur
668 3855 745 3911 docti
769 3856 798 3909 hi
824 3857 936 3924 poetae,
960 3855 1118 3924 suspioatus
1140 3869 1201 3907 sum
1224 3851 1253 3905 in
1279 3850 1346 3904 ‘me-

179 3950 267 4002 dium'
293 3949 381 4001 lutere
406 3946 520 4014 debere,
549 3948 623 4014 quod
649 3945 693 3999 illi
717 3946 816 4014 ‘prona
845 3944 879 3998 de
907 3944 993 3998 uelle'
1019 3959 1106 4011 aeque
1129 3940 1289 4010 oppositum
1312 3937 1349 3994 sit

178 4055 262 4106 quam
284 4036 397 4090 ‘sensim
416 4035 527 4089 transit’
549 4034 592 4088 illi
608 4035 754 4102 ‘praeceps
768 4034 906 4098 uolutus’3
925 4036 955 4086 et
969 4046 1133 4101 comparans
1148 4031 1231 4097 Verg.
1246 4028 1348 4098 Georg.

180 4125 281 4178 111521
304 4142 358 4178 uon
376 4127 425 4193 qm
439 4142 490 4192 per
507 4141 577 4177 sura
596 4124 707 4177 6616666
724 4124 823 4190 purior
837 4124 933 4176 electro
947 4137 1071 4189 eurupam
1086 4119 1154 4187 petit
1174 4120 1265 4171 amnis
1283 4133 1348 4171 oon-

180 4214 231 4267 ieci
252 4215 312 4283 ‘per
328 4214 478 4283 oumpum’.
507 4213 639 4266 nimirum
657 4213 686 4265 in
702 4211 765 4264 libri
781 4211 803 4266 V
822 4212 974 4279 archetypo
994 4205 1127 4263 nonnulla
1146 4205 1237 4259 labem
1258 4208 1348 4260 traxe·

180 4307 243 4357 runt
261 4320 357 4356 umore
377 4303 469 4356 alioue
489 4303 570 4367 uitio,
590 4304 622 4355 ut
640 4300 732 4354 scriba
751 4316 801 4369 pro
816 4299 944 4364 uocibus,
963 4312 1033 4364 quas
1047 4293 1102 4348 iem
1119 4292 1186 4345 satis
1201 4291 1347 4349 dinoscere

180 4392 301 4459 nequiit,
320 4395 469 4460 utcumque
489 4392 549 4458 ‘per
568 4390 690 4444 medium
709 4389 799 4444 densi’
820 4387 979 4456 reponeret,
997 4383 1116 4438 fortasse
1136 4396 1191 4434 non
1209 4378 1349 4438 inmemor
