2940 4912
617 332 730 386 LXXVI
751 339 828 389 1-7.

648 559 797 617 ΙιΧΧΠ.

208 671 237 728 1.
256 671 417 728 benefacta
434 671 575 731 interdum
595 675 717 741 aequant
737 674 884 740 beneficia,
904 676 936 727 ut
950 673 1019 727 Eun.
1034 675 1105 743 trag.
1120 680 1172 730 389
1188 676 1221 730 R.
1236 678 1311 731 bersc-

136 761 214 826 [0010
232 763 302 815 male
321 763 410 816 locata
424 763 571 829 malefacta
585 763 720 829 arbitron
740 762 774 817 cf.
789 780 816 815 u.
832 767 857 830 7,
873 769 897 818 8.
918 793 951 802 -
971 762 1086 832 priora.
1110 765 1211 833 prioris
1225 767 1309 822 uitae.

136 882 167 890 -
189 849 218 904 2.
241 865 308 904 cnm
332 865 363 906 se
388 851 504 918 cogitat
526 865 592 906 esso
611 852 706 920 plum.
743 852 873 920 uoluptas
893 851 980 906 oritur
1003 870 1036 907 eo
1060 854 1134 921 quod
1155 854 1200 922 (de
1222 856 1308 909 ‘cum'

135 940 169 994 cl.
190 939 319 993 11111111Β
337 943 363 1009 8)
383 941 412 993 in
430 940 595 995 memoriam
613 939 667 994 sibi
684 943 769 995 uocat
787 941 893 1006 (Quint.
912 941 963 994 Vll
985 948 1033 1011 10,
1054 948 1087 996 10
1106 945 1310 1014 cogitemusqaa

133 1031 254 1084 tornines
272 1035 336 1084 ante
353 1032 491 1084 inuenisse
510 1036 595 1084 artem
609 1047 691 1099 quarn
705 1030 849 1098 docuisse),
870 1046 899 1084 se
919 1030 1036 1099 probum
1057 1033 1216 1101 bonumque
1236 1037 1310 1089 stare

134 1135 245 1188 semper
264 1120 365 1187 (praes.
386 1118 481 1186 ‘esse’l
502 1116 609 1173 officiis.
647 1134 712 1171 uam
732 1117 817 1186 ‘pias'
839 1135 894 1172 non
913 1117 972 1172 sine
992 1123 1120 1188 respectu
1140 1119 1246 1175 dictum
1266 1126 1310 1178 est

134 1206 293 1277 religionis,
312 1206 366 1261 sub
383 1223 440 1276 qua
457 1207 555 1262 foedus
574 1206 673 1261 feritur
692 1207 816 1277 fidesque
840 1207 935 1274 datur,
961 1207 1080 1263 testibus
1103 1227 1148 1263 uu.
1168 1227 1242 1279 sqq.,
1261 1212 1310 1280 qui

133 1315 191 1352 reru
211 1297 301 1365 magis
320 1297 480 1351 inlustrant.
505 1328 536 1336 -
561 1296 590 1350 3.
617 1310 672 1351 nec
691 1298 826 1352 sanctam
849 1297 982 1352 uiolasse
1001 1297 1102 1354 tidem.
1140 1299 1195 1354 Cic.
1216 1299 1243 1355 d.
1263 1302 1308 1357 off.

134 1385 170 1440 lll
191 1391 240 1452 33,
261 1392 312 1440 101
335 1387 384 1454 qai
406 1387 451 1439 ius
474 1387 561 1454 igitar
583 1387 736 1440 iurandum
759 1388 860 1454 sciolat,
884 1388 909 1441 is
931 1388 1011 1453 fidem
1034 1389 1135 1453 uiolat3
1159 1392 1189 1443 et
1210 1391 1309 1459 utpote

133 1475 311 1529 iureiurando
340 1474 467 1543 adligata
493 1473 562 1528 fides
588 1477 633 1528 est
661 1476 789 1530 ‘sancta'
821 1475 880 1530 siue
908 1474 1082 1531 inuiolabilis
1111 1477 1179 1544 (Cic.
1202 1497 1229 1548 p.
1253 1479 1307 1550 leg.

134 1566 208 1620 Man.
226 1571 267 1633 14,
281 1569 315 1618 42
334 1565 413 1631 fidens
430 1565 687 1633 ..sanctissimam
708 1595 740 1603 -
760 1565 790 1636 3,
805 1564 834 1619 4.
853 1579 909 1619 nae
928 1564 1051 1620 loedere
1071 1565 1102 1619 ln
1121 1567 1185 1622 ullo
1205 1568 1308 1624 diuum

133 1655 170 1709 ad
194 1653 346 1709 fallendos
369 1654 490 1709 nunrlne
518 1653 641 1708 abusum
667 1654 813 1708 lromlnes.
855 1657 887 1708 ut
911 1653 1021 1723 ‘pium’
1047 1653 1199 1711 inlustrant
1223 1658 1309 1714 uerba

134 1745 195 1798 ‘uec
219 1783 250 1800 ..
275 1744 380 1810 fidem’,
400 1743 440 1797 sic
466 1760 540 1796 nunc
561 1743 697 1798 ‘foedere’
722 1744 845 1813 explicat
869 1744 974 1796 ‘fidem’
1000 1746 1144 1812 tamquam
1168 1747 1307 1816 utrimque

132 1834 183 1887 sub
203 1835 295 1887 certae
314 1833 453 1902 pactionis
478 1831 587 1901 legibus
607 1833 709 1890 datam.
748 1835 777 1886 et
799 1849 969 1901 quamquam
996 1836 1082 1901 poeta
1099 1833 1129 1886 in
1148 1834 1307 1890 uniuersum

132 1923 238 1991 (‘ullo’)
257 1923 395 1992 loquitur,
419 1920 538 1975 inarime
557 1924 651 1975 tamen
675 1922 709 1976 de
729 1923 832 1977 amoris
851 1921 964 1975 foedere
988 1921 1109 1990 cogitat,
1134 1922 1211 1977 cuius
1230 1943 1307 1979 seue-

132 2030 192 2067 ram
217 2011 427 2081 stipulationem
453 2008 629 2078 (praesertim
655 2013 719 2078 post
745 2008 905 2077 discidium)
934 2009 1069 2065 inlustrat
1090 2010 1172 2080 Prop.
1196 2010 1235 2066 Ill
1264 2019 1306 2068 20.

132 2103 201 2156 bene
225 2099 345 2170 Vulpius
368 2117 410 2170 cp.
437 2098 492 2154 cis.
516 2117 542 2168 p.
563 2099 637 2153 dom.
657 2103 704 2166 48,
726 2105 776 2152 teo
799 2100 937 2166 ementiri,
960 2100 1069 2165 fallere,
1092 2101 1172 2154 abacti
1197 2103 1308 2156 deorum

132 2191 320 2245 inmortalium
342 2191 466 2244 camiac:
492 2189 664 2244 inuocabant
684 2188 791 2242 foederi
815 2190 899 2256 pacto
918 2206 1024 2243 numen
1043 2191 1168 2244 sanctum
1190 2190 1307 2246 deorum

132 2284 164 2335 ut
181 2278 297 2335 testium
320 2279 512 2348 altorumque,
536 2279 582 2345 ut,
606 2277 654 2346 qui
673 2277 767 2332 animo
787 2277 823 2330 ad
842 2278 1057 2332 conuentionem
1083 2296 1138 2333 nou
1157 2280 1306 2335 obseruan-

132 2370 197 2424 dam
217 2367 369 2423 inclinante
388 2372 416 2422 ct
435 2368 471 2421 ad
490 2368 644 2422 fallendum
659 2384 748 2436 prono
762 2365 887 2432 iurabat,
907 2367 1030 2436 periurio
1049 2367 1125 2424 facto
1144 2369 1307 2424 abuteretur

132 2459 246 2512 deorum
256 2458 377 2513 numine.
398 2458 471 2511 male
483 2456 610 2512 lVossius
621 2473 655 2511 ex
665 2454 843 2525 interpolatis
857 2455 937 2512 libris
951 2457 1086 2511 ‘nomine'
1099 2458 1196 2526 reponi
1207 2460 1305 2514 uoluit.

132 2578 167 2588 -
185 2547 216 2618 t,
234 2546 263 2599 s.
287 2546 382 2600 multa
404 2547 513 2614 parata
537 2546 659 2599 manent
682 2560 749 2600 cum
773 2545 864 2612 longa
889 2547 1005 2616 aetate,
1030 2545 1165 2617 Catulle,
1189 2562 1226 2602 ox
1249 2548 1307 2604 hoo

132 2636 254 2703 ingrato
279 2634 389 2702 gaudia
413 2648 513 2688 amore
539 2633 608 2689 tlbi.
646 2634 825 2703 soliloquium
849 2635 948 2700 habes,
974 2638 1007 2689 ut
1025 2653 1047 2688 c.
1067 2634 1145 2702 VllI,
1163 2654 1252 2705 usque
1271 2638 1307 2692 ad

132 2743 157 2779 u.
176 2730 215 2793 l'l,
231 2723 279 2779 abi
296 2725 405 2778 mutata
420 2723 527 2777 ratione
542 2723 610 2777 deos
625 2721 779 2790 adloquens
794 2723 850 2777 iam
868 2723 970 2777 abhinc
985 2723 1012 2778 Ο.
1029 2724 1063 2778 de
1079 2742 1108 2778 se
1123 2740 1172 2794 per
1186 2724 1307 2795 primam

132 2830 280 2884 personam
299 2813 386 2867 uerba
405 2813 481 2867 facit.
520 2813 631 2881 ‘parma
651 2812 766 2865 manent
783 2813 858 2879 tibi’,
877 2812 930 2866 tibi
950 2815 1080 2882 prompta
1098 2815 1127 2868 et
1145 2817 1224 2868 certa
1242 2820 1308 2870 snut

131 2904 177 2970 (ad
203 2902 266 2956 Vlll
292 2906 343 2968 15).
386 2901 481 2956 ‘eum’
508 2900 618 2956 restitui
643 2900 794 2954 secundum
819 2903 918 2971 aperta
942 2901 1069 2956 codicum
1093 2902 1209 2969 indicia,
1234 2904 1260 2958 h.
1282 2921 1305 2958 e.

132 2995 199 3048 ‘una
217 2991 304 3058 cum';
329 2991 371 3044 ita
393 2989 524 3044 nimirum
547 2993 622 3046 recte
647 2989 770 3058 loquitur
794 2990 972 3059 adulescens,
997 2992 1042 3044 cui
1066 2993 1188 3061 spatium
1213 2993 1304 3048 adhuc

130 3084 244 3151 longum
268 3080 398 3150 quodque
424 3084 490 3135 ante
514 3098 543 3134 se
567 3080 688 3149 positum
712 3080 792 3134 uidet
815 3083 859 3135 est
880 3080 1112 3150 percurrendum,
1142 3082 1193 3135 ‘in’
1220 3084 1306 3151 (quod

131 3171 216 3241 uulgo
234 3171 369 3237 scribunt)
388 3168 487 3224 molius
511 3170 545 3224 dc
565 3175 691 3239 tempore
715 3169 774 3224 siue
798 3169 939 3240 praesenti
957 3168 1017 3225 siue
1040 3172 1165 3240 perfecto
1190 3176 1307 3243 usurpat

130 3261 213 3315 homo
237 3260 412 3329 grandaeuus
435 3259 492 3326 l‘in
516 3260 630 3328 longam
655 3260 794 3315 aetatem'
824 3260 883 3314 fere
910 3258 958 3314 hic
986 3264 1166 3330 expectatur).
1211 3260 1307 3331 ‘longa

130 3350 219 3405 aetas'
241 3349 276 3403 de
294 3351 421 3417 tempore
440 3348 533 3401 futuro
554 3347 685 3403 dixerunt
703 3348 768 3404 Hor.
783 3354 834 3404 sat.
853 3351 862 3402 l
878 3355 903 3416 4,
925 3354 988 3416 133,
1008 3367 1109 3419 paneg.
1125 3351 1236 3405 Messal.
1252 3359 1305 3407 210

131 3439 217 3506 (lorspi
244 3439 315 3491 anni
343 3440 409 3491 Aen.
436 3437 461 3490 X
487 3440 559 3506 549).
605 3455 774 3506 quamquam
805 3439 924 3492 tortasse
952 3439 1139 3507 ingemiscens
1167 3439 1195 3493 C.
1225 3440 1306 3509 ponit

131 3527 252 3597 ‘longa’:
273 3525 372 3580 Publil.
389 3527 446 3595 Syr.
463 3527 517 3580 03
536 3543 553 3581 0
570 3527 659 3580 ailam
676 3528 773 3580 mim
791 3528 913 3597 loricam,
931 3529 1007 3594 felici
1026 3529 1140 3583 breuem.
1169 3529 1303 3598 ‘ingrato’

129 3617 241 3686 passius
264 3618 297 3669 ut
320 3615 433 3670 LXXlll
457 3622 486 3682 3,
511 3617 558 3684 qui
582 3616 702 3684 gratiam
728 3632 783 3670 non
806 3616 926 3679 iuuenit3
956 3633 1019 3670 nam
1046 3617 1121 3671 ‘hoc’
1148 3617 1204 3670 lere
1229 3616 1307 3670 ualet

131 3706 210 3761 ‘tuo’
231 3705 287 3774 (cui
311 3707 342 3759 tu
367 3711 428 3760 tota
451 3710 543 3760 mente
568 3702 729 3772 indulsisti).
768 3703 913 3773 ‘gaudia’,
933 3705 1136 3759 recordatiouis
1159 3709 1195 3773 (u.
1218 3709 1305 3772 1).ῃ

132 3796 158 3851 1.
179 3795 252 3850 bene
272 3795 411 3863 siliquam
430 3796 484 3850 aut
502 3796 603 3850 dicere
624 3794 750 3864 possunt
768 3793 821 3848 aut
840 3793 952 3850 tassrs.
992 3795 1157 3863 ε00100009,
1177 3796 1305 3863 quicum·

130 3884 225 3953 queis
249 3884 304 3948 est;
332 3885 366 3938 ci.
394 3884 428 3938 de
454 3884 507 3938 hac
532 3900 602 3938 noce
627 3882 713 3937 etiam
738 3884 766 3937 in
791 3882 944 3938 enuntiatis
967 3883 1152 3940 adfirmatiuis
1176 3883 1306 3940 adhibita
1384 3952 1387 3958 ¹

130 3972 288 4045 biaduigius
311 3974 347 4029 ad
372 3972 427 4028 cic.
452 3974 478 4027 d.
504 3975 549 4026 fin.
573 3992 600 4043 p.
620 3974 698 4039 836³,
723 3971 879 4043 Draegerus
898 3975 971 4042 synt.
990 3972 1055 4030 hist.
1076 3973 1183 4038 1348.
1223 3974 1305 4028 ‘bene

129 4063 214 4118 alicui
236 4063 340 4117 diccrc'
366 4061 444 4116 ualet
467 4061 600 4129 ‘aliquem
625 4061 756 4129 laudare,
782 4061 955 4131 praedicare'
981 4062 1072 4130 (Ouid.
1091 4061 1163 4116 trist.
1184 4060 1207 4113 V
1227 4067 1257 4128 3,
1277 4064 1304 4129 9)

129 4152 294 4221 uideturqne
314 4150 536 4219 intellegendum
560 4153 680 4206 maxime
705 4152 739 4205 de
758 4169 866 4207 mortim
886 4151 1049 4206 defensioue
1068 4168 1085 4205 a
1104 4152 1189 4220 poeta
1208 4155 1306 4204 eontra

128 4241 244 4296 Lesbiae
259 4241 473 4310 reprehensores
489 4241 627 4309 suscepta.
654 4241 793 4308 quomodo
808 4243 902 4295 autem
917 4240 991 4295 idem
1004 4239 1174 4294 benefecerit
1183 4240 1304 4309 puellae,

129 4332 212 4401 plane
231 4331 353 4385 uescitur
372 4332 416 4398 (nt
434 4332 542 4383 restant
560 4329 696 4385 nonnulla
715 4329 744 4384 iu
763 4346 857 4385 amore
872 4329 922 4384 illo
937 4330 1079 4397 obscura),
1100 4330 1217 4384 sortasse
1236 4333 1305 4398 tum,

131 4440 195 4478 cum
220 4419 320 4476 Clodia
343 4420 444 4475 ueneni
469 4418 635 4483 01100110
659 4421 718 4474 dati
741 4418 898 4489 suspicione
921 4420 1113 4489 premebatur,
1141 4417 1170 4474 C.
1190 4438 1253 4476 cum
1271 4437 1306 4476 ea
