2940 4912
554 330 643 386 nxiv
662 337 810 388 aee-aec.
1210 333 1274 398 437

96 489 178 545 ‘fusi'
205 492 352 546 confirmat
373 491 404 546 id
428 492 504 562 quod
525 491 609 547 facile
632 511 682 562 per
702 510 730 547 se
749 494 829 563 patet
847 510 881 548 ex
899 494 961 548 tota
979 493 1130 553 Parcarum
1149 494 1274 549 nentium

94 579 293 649 descriptione,
311 585 426 651 poetam
445 598 500 635 non
520 581 695 652 singularum
713 598 829 635 munera
844 585 927 650 (qnae
941 582 1075 652 exprimit
1089 586 1172 637 notus
1186 583 1274 637 uersi-

94 669 175 723 surus
195 669 291 724 sisois
314 672 402 725 sotum
425 671 546 738 saisias,
573 670 704 725 caesis
727 672 826 737 erasit,
851 672 971 740 Atropos
994 674 1080 741 ossae)
1104 670 1271 740 distinxisse,
1369 652 1383 674 ”

94 756 145 811 sed
173 774 269 812 ornnes
297 758 382 812 simul
409 760 507 813 nentes
531 758 646 826 fecisse,
675 774 771 813 omnes
795 758 882 813 etiam
906 759 989 813 simul
1013 761 1172 827 cantantes;
1201 759 1274 815 undo

95 861 192 899 eorum
211 844 365 915 opiniones,
384 848 432 917 qui
450 848 575 918 singulas
591 849 721 918 strophas
735 848 809 902 inter
823 851 879 903 tres
895 848 963 903 deas
977 848 1103 903 diuidere
1117 848 1273 917 noluerunt,

93 936 242 989 conruunt.
279 936 355 1004 quod
374 938 402 991 et
422 936 525 992 refutat
543 938 666 1007 ipserum
687 938 867 1007 stropharum
885 937 1110 1006 inaequabiliter,
1130 955 1187 1006 qua
1199 936 1229 991 in
1243 955 1273 992 re

94 1021 207 1078 Catullo
227 1025 358 1078 conuenit
376 1042 418 1079 er.
439 1043 479 1095 gr.
502 1043 565 1080 cum
583 1028 696 1081 auctore
711 1024 856 1095 Peruigilii
871 1024 995 1081 Veneris.
1035 1025 1115 1095 Verg.
1132 1025 1183 1080 ecl.
1199 1031 1223 1093 4,
1239 1032 1273 1080 46

94 1113 177 1168 ‘tolio
194 1113 296 1168 saeclu'
312 1115 371 1169 sais
384 1115 518 1169 diamant
534 1115 658 1169 ‘currite'
673 1116 743 1181 [mis
759 1115 903 1169 concordes
917 1115 1012 1169 mobili
1025 1115 1148 1181 fatorum
1161 1116 1274 1170 numine
1367 1161 1369 1164 .

94 1202 218 1268 Parcae,
244 1219 316 1270 quae
340 1203 428 1257 uerba
451 1203 531 1258 nobis
556 1201 634 1257 illud.
656 1203 693 1271 ‘q.
712 1201 731 1256 i.
751 1203 784 1257 s.’
806 1203 842 1257 sd
863 1202 938 1257 fusos
957 1202 1142 1257 referentibus
1165 1204 1271 1258 fauent.

94 1291 130 1345 ud
150 1291 349 1346 intercalarem
369 1290 403 1346 cf.
423 1295 453 1347 et
468 1290 583 1347 Theocr.
600 1299 623 1359 1,
639 1297 673 1345 64
689 1294 717 1345 et
731 1292 814 1360 Verg.
829 1292 881 1347 ecl.
896 1298 922 1361 8,
938 1298 980 1347 68.
997 1323 1029 1332 -
1044 1291 1112 1347 328.
1132 1292 1274 1348 adueniat

92 1380 152 1435 tlbl
177 1380 235 1435 lam
259 1382 386 1449 portans
411 1383 516 1450 optata
540 1381 662 1436 maritis
680 1381 845 1449 Hesperus.
882 1398 946 1436 mox
969 1384 1082 1451 praesto
1106 1382 1160 1437 erit
1178 1399 1273 1436 secum

94 1469 238 1524 aduehene
264 1469 335 1535 (rib.
363 1471 420 1537 13,
445 1472 498 1537 94).
539 1470 679 1539 ‘optata‘,
705 1470 834 1537 honeste3
863 1471 924 1524 Ter.
951 1470 994 1526 sd.
1019 1471 1088 1538 V9,
1107 1476 1139 1524 21
1167 1472 1198 1525 di
1222 1471 1275 1525 tilii

92 1560 188 1613 omnia
216 1575 306 1614 omnes
332 1575 436 1628 semper
463 1564 557 1628 optata
584 1561 707 1627 offerant.
753 1559 885 1613 ‘maritis’
910 1558 1065 1629 proleptioe
1088 1577 1138 1629 pro
1163 1560 1272 1629 sponsis

92 1648 185 1715 (nouis
206 1646 338 1716 maritis);
359 1647 393 1702 de
413 1647 481 1702 solis
500 1646 567 1701 uiris
587 1648 690 1717 accipe.
730 1647 765 1702 de
784 1647 908 1716 Hespero
927 1647 962 1701 ad
977 1647 1060 1702 LXII.
1081 1679 1113 1688 -
1133 1648 1202 1703 323.
1222 1648 1272 1703 1111-

92 1735 200 1792 ueniet
218 1735 320 1790 lausto
336 1750 403 1790 cnm
419 1735 518 1790 sidere
534 1735 677 1792 coniunx.
710 1735 739 1789 in
754 1735 911 1790 thalamum
926 1737 1017 1801 tuom;
1037 1735 1093 1789 iam
1109 1752 1182 1790 nunc
1197 1736 1272 1791 enim

95 1840 230 1895 praesens
248 1824 302 1878 dea
320 1826 392 1893 (336,
412 1830 464 1879 372
483 1829 562 1893 eqo).
602 1825 703 1891 ‘cum’‚
723 1842 779 1879 nne
797 1842 874 1892 cum,
893 1824 989 1880 statim
1009 1825 1162 1894 adparente
1181 1824 1272 1880 sidere

93 1912 170 1968 felici
194 1912 311 1983 uotique
336 1914 493 1983 compotem
516 1916 546 1967 te
572 1912 702 1968 faciente.
742 1913 910 1968 ‘considere'
932 1913 954 1969 0
974 1914 1103 1984 praebet;
1126 1915 1199 1982 quod
1220 1913 1273 1968 etsi
1364 1965 1369 1974 ,

94 2019 160 2058 nane
181 2003 277 2073 potest
295 2003 460 2071 corruptum
480 2019 539 2056 esse
558 2019 591 2056 er
612 2003 710 2069 ‘curn’,
730 2002 848 2057 fortasse
868 2004 962 2058 tamen
981 2001 1108 2057 continet
1121 2001 1272 2072 uestigium

93 2093 250 2161 scripturae
276 2092 401 2160 ‘quom';
425 2091 465 2145 sia
489 2090 648 2146 etiamnunc
672 2092 717 2145 lex
736 2091 843 2146 Rubria
861 2107 885 2145 a.
905 2109 929 2145 a.
950 2091 1012 2145 Chr.
1032 2110 1058 2145 n.
1078 2096 1113 2146 48
1132 2094 1176 2145 ter
1193 2107 1273 2161 quom

90 2199 121 2237 co
140 2180 264 2236 exhibet.
284 2211 319 2221 —
338 2180 407 2235 330.
427 2195 503 2247 quae
521 2180 580 2236 tibi
600 2182 679 2236 flexo
699 2182 799 2237 animo
818 2181 927 2237 mentis
946 2180 1111 2251 perfundat
1128 2195 1271 2237 amorem.

91 2272 178 2343 uulgo
213 2286 248 2324 ex
275 2268 379 2323 Mureti
414 2269 574 2325 coniectura
607 2271 731 2325 scribunt
767 2270 925 2326 ‘flexanimo
958 2273 1080 2324 mentem
1108 2289 1134 2340 p.
1164 2271 1269 2325 amore’

93 2360 217 2432 (lachin.
244 2361 283 2414 ‘te
307 2359 455 2414 flexanimo
480 2359 582 2414 mentis
607 2378 634 2429 p.
659 2360 780 2426 amore',
807 2359 857 2413 alii
876 2359 957 2429 alia),
981 2358 1113 2414 restituto
1133 2359 1271 2413 uocabulo

92 2448 253 2504 Pacuuiano
274 2450 356 2518 (trag.
381 2454 431 2502 177
451 2448 483 2501 R.
502 2465 518 2503 ο
536 2450 686 2516 flexanima
705 2454 785 2518 atque
804 2449 924 2502 omnium
944 2449 1040 2517 sepina
1058 2464 1149 2502 rerum
1168 2450 1270 2514 cratim

93 2539 176 2593 aliter
200 2553 285 2592 sensu
309 2538 419 2607 pessino
446 2553 497 2606 pro
522 2537 640 2591 ‘amens'
665 2536 733 2591 ibid.
759 2539 829 2607 499).
868 2537 979 2605 iamque
1000 2536 1175 2606 ‘perfundet’
1196 2537 1274 2591 ualet

95 2626 239 2693 ‘instillet
265 2628 386 2680 mentem
412 2631 490 2680 tuam
516 2625 604 2680 faciat
622 2626 776 2680 bibentem’
798 2625 885 2693 (XLV
906 2628 957 2695 11).
994 2642 1093 2679 uerum
1112 2624 1187 2679 enim
1205 2643 1272 2681 uero

96 2716 203 2783 Thetis,
223 2714 260 2768 ad
279 2732 362 2783 quam
382 2715 451 2769 haec
471 2717 499 2769 et
514 2714 660 2783 sequentia
675 2717 805 2784 spectant
818 2717 916 2780 totam,
935 2731 991 2769 non
1006 2715 1079 2770 male
1094 2713 1197 2770 dicitur
1211 2732 1271 2769 esse

94 2804 187 2858 animo
206 2803 286 2869 flexo,
306 2802 365 2857 scil.
381 2801 497 2858 Veneri:
517 2804 640 2874 deponet
662 2803 691 2857 in
707 2802 797 2857 cubile
812 2803 927 2858 ueniens
944 2804 1076 2859 ferociam
1092 2803 1271 2875 uirginalem;

95 2894 178 2963 Verg.
199 2893 232 2948 G.
253 2891 291 2945 IV
312 2899 364 2946 616
383 2893 462 2946 nulla
484 2892 587 2960 Venus,
613 2909 669 2947 non
687 2893 740 2946 ulli
758 2894 881 2946 animam
899 2895 996 2962 flexere
1015 2894 1182 2964 Hymenaei,
1203 2895 1271 2949 llen.

94 2981 131 3035 IV
150 2988 185 3037 36
204 2998 315 3052 acorum
333 2983 407 3035 nulli
424 2983 561 3050 quondam
580 2984 676 3049 {leem
695 2982 799 3035 mariti.
837 2982 885 3035 sed
906 2982 973 3051 quid
992 2982 1049 3037 iam
1068 2983 1156 3037 faciet
1173 2983 1270 3037 eadem

93 3072 127 3126 de
152 3071 254 3127 mentis
279 3087 385 3139 amore,
411 3069 463 3125 boc
488 3074 543 3138 est,
562 3072 639 3124 tecto
664 3070 756 3123 adhuc
781 3069 827 3139 (ct.
853 3070 887 3124 ed
912 3069 972 3124 LXI
998 3077 1045 3125 171
1073 3074 1102 3126 et
1124 3071 1197 3125 infra
1220 3078 1271 3127 372

96 3162 184 3215 animi
217 3161 351 3226 amoree)?
398 3163 467 3229 puto
497 3159 645 3214 conuenire
673 3159 739 3213 huic
767 3157 962 3228 descriptioni:
995 3160 1115 3230 aperiet,
1146 3162 1273 3231 nudabit,

95 3249 257 3316 conmittet,
284 3249 378 3303 tradet
402 3249 462 3302 tibi.
500 3248 645 3319 scripsitne
670 3253 754 3317 poeta
779 3248 936 3302 ‘defundet’
962 3265 997 3302 an
1016 3250 1195 3320 protundat',
1219 3251 1272 3305 hoc

96 3341 149 3406 est,
174 3337 301 3393 effundat
325 3337 371 3407 (de
398 3339 437 3391 ‘0’
460 3336 596 3406 producta
615 3337 649 3392 cf.
670 3338 752 3406 tim?
772 3368 804 3376 -
825 3336 892 3392 331.
912 3338 1166 3407 languidulosque
1185 3343 1272 3409 paret

96 3428 194 3483 mcum
214 3427 400 3494 coniungere
420 3440 550 3480 somnos.
595 3426 643 3495 qui
662 3426 809 3496 languidos
833 3425 966 3490 reddunt;
992 3430 1023 3480 ut
1046 3429 1179 3494 lanpuida
1197 3430 1273 3497 quies

96 3517 178 3587 Verg.
199 3515 268 3570 Aen.
289 3516 341 3570 ΧΠ
360 3521 426 3582 909,
450 3516 585 3584 loerpur'da
609 3517 666 3568 otia
684 3532 748 3584 pan.
769 3515 803 3568 ad
823 3513 933 3569 Messal.
956 3520 1018 3579 181;
1043 3515 1077 3568 de
1097 3515 1271 3570 deminutiuo

95 3606 198 3661 rariore
219 3605 254 3661 cf.
275 3606 359 3659 Anth.
379 3606 427 3660 lat.
448 3610 508 3671 222,
528 3611 544 3657 2
565 3604 660 3675 [PLM.
681 3604 719 3657 lv
739 3622 765 3673 p.
785 3606 850 3676 369]
871 3605 1046 3674 lorcyuidulos
1061 3606 1156 3659 ocellos
1170 3606 1200 3658 et
1214 3605 1269 3659 Cic.

96 3712 138 3765 ap.
159 3695 256 3761 Quint.
277 3693 343 3750 Vlll
362 3701 387 3761 3,
407 3700 448 3749 66.
488 3694 607 3762 ‘paret’,
633 3693 715 3762 uelit,
740 3693 769 3748 in
792 3709 826 3747 eo
846 3693 883 3747 sit
901 3696 945 3758 ut;
970 3692 1003 3744 cl.
1025 3692 1089 3745 Aen.
1111 3690 1149 3743 IV
1169 3698 1220 3747 119
1238 3694 1271 3746 in

95 3801 187 3839 mue
200 3785 241 3838 ire
251 3789 367 3853 parcat,
388 3782 469 3837 Ouid.
489 3800 554 3837 rem.
571 3789 604 3837 99
617 3800 731 3854 peccare
743 3799 867 3851 parares.
908 3781 989 3835 ‘coni
1006 3780 1128 3835 somnos'
1144 3781 1269 3850 honeste,

93 3876 124 3928 ut
145 3891 211 3928 mox
236 3879 290 3927 372
314 3875 472 3943 conianpite
495 3889 613 3939 amores,
640 3873 721 3942 Prop.
741 3872 766 3925 ll
788 3879 829 3937 14,
849 3877 883 3926 76
908 3887 1008 3925 naccum
1032 3871 1129 3923 linbuit
1147 3872 1269 3938 positum

93 3962 167 4017 lento
177 3963 273 4032 puella
287 3968 370 4032 caput
387 3961 478 4029 (Ouid.
495 3962 574 4031 epist.
593 3969 617 4029 3,
634 3967 684 4015 107
695 3978 798 4031 perque
812 3966 889 4014 taam
903 3966 1077 4029 nostrumque
1091 3964 1181 4028 caput,
1201 3977 1270 4027 quae

95 4052 239 4107 iunximus
252 4053 330 4120 usic).
342 4081 375 4091 -
387 4049 454 4104 339.
469 4049 551 4105 leuia
565 4049 761 4104 substernens
772 4048 898 4103 robusto
912 4048 1036 4103 brachia
1046 4047 1137 4101 collo.
1162 4045 1269 4114 ‘leuis’,

94 4140 192 4210 glsbra
218 4139 312 4208 (hirtis
337 4140 459 4193 uirorum
486 4139 639 4208 opposita);
664 4138 697 4192 ci.
718 4137 780 4191 LXI
806 4144 866 4192 174.
905 4136 984 4191 Ouid.
1009 4155 1062 4190 am.
1082 4134 1120 4188 ΙΙΙ
1140 4141 1164 4200 7,
1186 4141 1200 4188 7
1219 4135 1269 4189 illo

93 4230 199 4298 quidem
218 4235 311 4284 nostro
330 4230 443 4283 subiecit
462 4230 579 4282 eburneo
603 4228 670 4283 collo
695 4228 821 4292 brachia,
845 4225 934 4294 Lydia
958 4230 991 4279 68
1016 4225 1129 4279 brachia
1151 4225 1270 4290 somaoso

91 4335 247 4388 amouens
271 4319 376 4389 Cyprio
399 4318 467 4372 collo
491 4316 636 4384 (moechi),
665 4316 757 4385 Apoll.
784 4314 874 4368 Rhod.
899 4314 909 4365 l
935 4321 1011 4369 1937.
1038 4346 1067 4354 -
1093 4314 1161 4369 334.
1185 4315 1271 4370 nulla

94 4405 198 4463 donus
221 4421 361 4475 umquam
385 4406 463 4461 tales
487 4406 624 4462 contexit
648 4419 779 4460 amores.
817 4405 947 4472 quoniam
973 4404 1001 4459 C.
1026 4405 1096 4459 alias
1119 4423 1270 4476 numquam
