2940 4912
219 323 263 388 94
720 326 759 379 lv
778 330 892 379 ar-ar.

219 485 340 538 Brixiam
360 485 493 552 cuiusque
511 483 615 538 uirides
635 487 664 538 et
676 485 839 554 pellucidae
858 502 958 554 aquas,
982 484 1109 553 quisquis
1129 484 1214 553 uidit,
1238 503 1392 554 numquam

220 573 403 628 obliuiscitur.
446 575 495 629 sed
519 574 555 627 ad
584 574 634 628 has
658 575 746 628 undas
770 574 853 644 digne
878 574 1073 629 describendas
1098 593 1166 629 num
1191 574 1314 629 sufficiat
1339 592 1393 628 uox

219 662 338 732 simplex
358 663 515 732 ‘limpidus’
537 662 649 718 dubito:
674 664 763 717 claras
782 680 922 733 purasque
946 680 1007 718 esse
1031 681 1079 719 eas
1098 664 1179 732 (Vitr.
1193 663 1264 716 vlllll
1284 670 1298 716 7
1319 683 1392 732 aquo

218 754 383 822 limpidior),
408 751 512 820 frigida
535 751 686 806 admodum
706 752 766 806 laus
791 755 841 807 est.
878 753 967 807 maior
990 753 1065 807 lacui
1083 754 1193 808 Benaco
1213 752 1301 807 oritur
1320 754 1392 807 dilti-

218 842 308 895 cultas
332 840 410 907 inde,
435 841 509 907 quod
532 842 672 909 quomodo
696 858 730 895 ex
754 842 824 896 mari
843 841 989 897 Adriatico
1008 843 1168 912 peruenerit
1192 860 1225 898 eo
1248 843 1392 911 phasellus

218 947 273 984 non
296 930 337 984 ita
360 932 446 1000 patet.
489 930 609 985 coniecit
635 931 746 998 quidem
772 929 907 984 lllOrtius
933 930 978 997 (cf.
1006 932 1150 1001 Zumptius
1175 929 1318 1000 Philologi
1342 931 1391 984 Xll

218 1037 243 1088 p.
261 1023 335 1088 sol),
355 1022 388 1073 ut
406 1036 439 1073 ex
459 1019 598 1074 Schwabii
618 1021 736 1087 quaesit
758 1039 784 1089 p.
801 1024 851 1074 173
867 1038 906 1088 sq.
927 1019 1027 1088 didici,
1048 1020 1192 1075 ‘Athesim
1211 1024 1241 1075 et
1258 1019 1391 1074 Mincium

218 1107 317 1162 fluuios
341 1108 416 1162 fossa
435 1107 590 1177 nauigabili
614 1109 687 1162 inter
705 1108 846 1163 Veronam
870 1111 900 1162 et
918 1108 1089 1163 Vallaticum
1108 1109 1207 1178 dueta,
1231 1108 1310 1163 cuius
1329 1110 1392 1163 reli·

217 1197 298 1265 quiae
318 1197 400 1252 hodie
420 1197 485 1251 dum
505 1198 673 1267 conspicuae
693 1199 761 1264 sint,
783 1197 945 1253 coniunctos
961 1197 1069 1253 luisse‘.
1099 1200 1149 1253 sed
1161 1199 1217 1266 boc
1232 1199 1297 1253 dum
1313 1203 1391 1253 certo

218 1286 272 1342 erit
291 1287 526 1354 demonstratum,
545 1287 674 1341 dubitare
694 1286 793 1342 licebit
811 1305 876 1341 num
896 1288 1013 1356 antiquo
1032 1291 1160 1358 tempore
1177 1288 1238 1342 ulla
1256 1305 1289 1342 ex
1305 1287 1393 1342 Adria

217 1376 248 1430 in
265 1375 357 1430 laeum
379 1377 518 1431 Benacum
542 1377 724 1445 peruenieudi
749 1377 874 1431 extiterit
897 1376 1017 1432 facultas
1041 1378 1108 1431 naui
1126 1376 1291 1447 praesertim
1310 1377 1392 1431 mari-

218 1465 313 1520 timae.
349 1465 462 1520 interim
488 1465 576 1519 tutius
602 1467 656 1520 erit
680 1464 805 1535 cogitare
831 1467 866 1519 de
892 1466 991 1534 quouis
1017 1466 1075 1521 alio
1096 1465 1161 1521 lacu
1186 1465 1245 1520 siue
1271 1467 1393 1520 naturali

219 1555 279 1609 siue
297 1558 357 1610 arte
377 1555 452 1610 lacto
473 1558 502 1610 et
519 1572 605 1625 prope
626 1555 692 1609 litus
710 1557 777 1620 sito;
797 1557 901 1609 etenim
921 1555 997 1611 lacus
1012 1556 1181 1611 uocabulum
1197 1557 1284 1611 etiam
1299 1558 1392 1613 ualere

221 1643 256 1698 de
274 1646 370 1713 portu,
391 1644 473 1698 docet
492 1644 562 1699 Stat.
582 1643 669 1697 Theb.
690 1643 726 1697 Vl
746 1650 788 1697 21.
827 1643 877 1699 sed
896 1644 1014 1714 optime,
1035 1645 1064 1698 ni
1083 1645 1179 1711 fallor,
1198 1645 1394 1715 interpretabi-

218 1751 281 1786 mur
299 1734 333 1786 de
352 1733 460 1803 stagnis
479 1732 684 1803 pertinentibus
705 1733 740 1786 ad
755 1732 851 1786 diuitis
870 1732 1015 1788 cuiusdam
1030 1734 1222 1804 Transpadani
1241 1734 1338 1788 uillam
1359 1735 1394 1787 ad

219 1838 296 1878 oram
310 1821 432 1876 Hadriae
447 1821 583 1892 positam
601 1838 666 1876 nam
682 1823 729 1877 uel
743 1827 816 1891 tum,
836 1822 860 1876 si
874 1821 945 1877 illud
961 1821 1116 1890 constabit,
1135 1824 1188 1878 hoc
1203 1826 1306 1891 tamen,
1325 1842 1392 1878 num

219 1910 265 1965 hie
288 1909 450 1979 designetur
477 1913 590 1966 omuino
610 1912 748 1977 Benacus,
772 1911 801 1965 in
820 1911 907 1965 dubio
931 1911 985 1966 erit
1003 1911 1078 1981 apud
1098 1929 1160 1978 eos,
1186 1912 1233 1981 qui
1253 1913 1394 1967 Catullum

220 2017 333 2056 narrare
352 2001 387 2054 de
406 2017 456 2055 suo
474 2000 563 2069 ipsius
582 2000 682 2054 itinere
702 2001 802 2056 nolunt
820 2001 942 2056 eredere.
980 2000 1117 2070 quidquid
1136 2001 1240 2069 idest,
1260 2002 1394 2072 limpidae

218 2088 296 2144 lacus
315 2088 405 2144 undae
425 2091 604 2159 opponuntur
623 2089 742 2144 turbidis
760 2089 963 2159 lutulentisque
978 2090 1107 2159 aequoris
1123 2091 1210 2160 aquis.
1227 2123 1259 2131 -
1274 2092 1322 2146 25.
1342 2092 1394 2146 aad

219 2180 292 2234 bseo
311 2179 398 2248 prlus
418 2178 514 2234 luere.
539 2180 593 2232 hoc
612 2183 656 2233 est
676 2178 777 2246 ‘olim',
797 2181 830 2233 ut
848 2180 883 2233 bl
902 2185 942 2247 15,
963 2178 1034 2233 Ciris
1049 2186 1092 2236 83.
1121 2179 1292 2249 praeteriere
1307 2181 1396 2249 igitur

218 2268 301 2338 pauci
320 2269 420 2322 saltem
440 2267 507 2322 anni
526 2286 559 2324 ex
578 2267 678 2323 itinere
698 2267 761 2322 illo:
786 2267 926 2336 quomodo
947 2267 1018 2322 haee
1043 2267 1073 2322 in
1093 2265 1234 2322 Catullum
1254 2286 1278 2322 a
1300 2274 1333 2323 56
1352 2287 1394 2322 re·

219 2373 329 2412 uersum
351 2359 547 2426 mortuumque
566 2375 590 2410 a.
611 2363 645 2411 ol
672 2358 829 2426 quadrant?
868 2356 977 2410 ‘luere'
994 2373 1084 2411 sensu
1107 2357 1286 2427 praegnanti,
1310 2359 1342 2411 ut
1364 2359 1394 2412 in

218 2446 269 2501 illo
289 2448 370 2515 Verg.
392 2449 459 2501 Aen.
480 2447 505 2501 lI
525 2453 576 2502 325
595 2448 701 2513 suimus
715 2446 812 2514 Troes,
831 2446 887 2512 tait
907 2447 997 2500 Iliam
1015 2452 1040 2500 ct
1058 2447 1153 2514 inperio
1170 2447 1260 2514 pierio
1280 2446 1393 2501 Teucro·

218 2553 291 2602 ram,
310 2535 372 2592 Tib:
394 2535 417 2588 ll
437 2543 461 2603 5,
482 2543 515 2591 79
533 2538 599 2591 boec
621 2537 735 2602 fueruat
752 2537 830 2600 olim,
853 2536 899 2589 sed
923 2541 953 2589 ta
971 2537 1043 2603 iam,
1065 2536 1141 2589 mdis
1158 2535 1258 2604 Apollo
1281 2552 1338 2602 eqs.
1361 2568 1391 2575 --

218 2625 267 2694 21,
286 2625 334 2682 21.
354 2640 433 2679 nuuc
452 2625 609 2681 recondita
629 2625 715 2680 senet
734 2625 847 2692 qulste.
871 2625 923 2678 hoc
944 2625 988 2678 est
1003 2628 1112 2679 remoto
1130 2623 1168 2679 ab
1186 2624 1316 2692 aequoris
1335 2628 1392 2678 tur-

219 2713 331 2767 binibus
355 2716 557 2783 proptereaque
581 2731 678 2768 securo
705 2713 776 2779 otio,
801 2713 882 2767 buer.
902 2712 942 2765 VI
962 2719 995 2767 73
1015 2713 1131 2781 placido
1153 2729 1214 2767 eum
1233 2730 1304 2782 poce
1321 2716 1394 2784 quie·

219 2809 275 2868 tue,
300 2802 383 2872 Verg.
404 2805 471 2857 ten.
492 2805 502 2857 l
526 2810 578 2856 249
605 2803 664 2870 (nbi
690 2803 776 2857 etiam
800 2803 998 2872 praecedentia
1020 2804 1138 2858 fortasse
1161 2804 1197 2857 ad
1220 2807 1347 2858 nostrum
1371 2822 1394 2858 c.

162 2949 166 2956 ,
219 2890 368 2956 adludunt)
387 2909 463 2946 auore
477 2893 592 2960 placido
611 2898 755 2961 compostae
777 2909 848 2961 poce
865 2893 992 2962 quiescit,
1016 2893 1090 2961 quod
1110 2894 1153 2946 est
1172 2891 1277 2947 dictum
1298 2909 1394 2948 secuu-

219 2981 283 3034 dum
303 2980 373 3034 illud
394 2980 477 3034 Ennii
497 2982 531 3035 de
551 2998 622 3050 equo
642 2999 717 3036 lianc
735 2984 809 3037 senio
828 2982 952 3048 confecta
970 2983 1083 3051 patescit
1107 2982 1167 3052 (ubi
1186 2981 1282 3051 inepte
1303 2982 1391 3035 ‘non’

218 3087 269 3139 pro
295 3070 398 3124 ‘nuuc’
425 3069 619 3138 LMuellerus).
659 3071 782 3136 ‘senet’,
807 3071 924 3124 uerbum
947 3070 1070 3140 priscum
1094 3088 1145 3140 pro
1170 3070 1321 3125 ‘senescit'
1347 3070 1393 3139 (cf,

218 3159 292 3215 Lxu
312 3166 345 3214 79
366 3160 493 3227 ‘tardet',
513 3159 601 3214 LXIV
618 3166 668 3215 119
689 3161 800 3226 ‘tabet’,
821 3159 945 3214 Lucilius
966 3160 1117 3229 ‘lentore'),
1138 3160 1172 3215 de
1191 3176 1263 3214 naue
1282 3159 1394 3228 dicitur,

218 3252 251 3304 ut
268 3250 343 3320 apud
363 3251 445 3320 Prop.
465 3249 504 3304 ΙΙΙ
525 3257 549 3315 7,
569 3255 603 3303 35
626 3250 701 3303 lmad
721 3250 780 3302 olla
803 3251 902 3302 carino
925 3249 1075 3303 consenuit.
1096 3279 1129 3287 -
1154 3248 1206 3320 21,
1228 3248 1276 3303 27.
1301 3262 1393 3315 seque

219 3339 340 3395 dedloat
353 3340 422 3412 1111,
438 3339 566 3407 gemelle
581 3337 691 3393 Castor
704 3340 735 3393 et
749 3337 876 3404 gemelle
891 3336 1038 3393 (laetorls.
1059 3336 1189 3392 sollemni
1204 3353 1281 3392 more
1296 3353 1393 3391 omnes

219 3445 276 3497 res,
296 3447 367 3499 quae
386 3430 442 3483 iam
463 3444 576 3482 munere
596 3445 645 3482 suo
669 3427 781 3481 iunctae
802 3428 893 3493 erant,
918 3426 978 3480 deis
1003 3425 1184 3481 consecrandi
1202 3425 1256 3494 eis,
1275 3442 1392 3496 quorum

218 3517 309 3573 tutela
326 3521 384 3572 tam
403 3535 539 3588 personae
558 3535 642 3585 quam
663 3534 706 3570 res
725 3516 805 3586 ipsae
825 3515 916 3570 adhue
931 3501 1107 3583 fruebantur,
1126 3515 1213 3570 etiam
1227 3515 1299 3570 hano
1316 3515 1394 3570 naui·

219 3607 311 3661 culam
336 3625 399 3661 erus
423 3607 536 3661 dedicat
554 3605 697 3661 Dioscuris
719 3608 863 3674 tamquam
888 3604 1090 3675 principalibus
1114 3606 1227 3660 nauium
1251 3603 1394 3660 tutoribus

220 3696 295 3762 (Hor.
320 3696 363 3750 od.
386 3696 421 3748 lV
442 3702 472 3762 8,
496 3702 541 3763 31)
565 3699 594 3751 et
616 3698 764 3749 nautarum
789 3693 951 3748 numinibus
976 3694 1073 3749 amieis
1098 3696 1168 3763 (Cat.
1187 3690 1322 3749 vasslb
1345 3701 1393 3759 ²53

219 3782 284 3839 Hor.
306 3784 349 3838 od.
370 3785 381 3836 l
401 3792 430 3850 3,
450 3791 465 3837 2
490 3788 519 3837 et
544 3792 589 3852 12,
609 3792 655 3850 29,
676 3785 756 3853 Prop.
777 3783 788 3835 l
809 3789 851 3849 17,
873 3787 930 3851 18),
955 3784 1049 3852 potuit
1068 3783 1153 3838 etiam
1174 3784 1329 3839 consecrari
1348 3784 1394 3839 nel

220 3873 349 3942 Neptuno
376 3872 421 3926 uel
448 3874 548 3927 Veneri
574 3875 711 3938 marinam
735 3889 785 3927 nee
811 3874 861 3925 aut
886 3876 954 3925 uota
979 3871 1038 3926 deis
1063 3872 1222 3928 litoralibus
1244 3872 1322 3928 facta
1344 3876 1395 3927 ant

220 3961 347 4016 Dioscuri
372 3961 401 4014 in
427 3963 482 4015 oris
508 3962 656 4016 maritimis
680 3962 748 4016 culti
773 3962 877 4031 (Eurip.
903 3960 962 4030 lph.
982 3962 1065 4015 Taur.
1084 3967 1148 4031 272)
1174 3962 1211 4016 ad
1235 3963 1309 4017 banc
1334 3979 1394 4017 rom

219 4051 333 4105 fuciunt.
371 4069 436 4106 uam
459 4052 538 4105 nauis
563 4051 638 4119 quod
662 4067 717 4104 nou
741 4051 873 4104 dedicata
896 4048 1012 4117 dicitur,
1032 4051 1080 4105 sed
1109 4051 1170 4119 ipsa
1188 4068 1249 4106 seso
1273 4051 1395 4116 dedicat,

219 4141 283 4193 inde
303 4141 483 4210 repetendum
503 4142 614 4195 uidetur
633 4142 706 4210 quod
718 4141 781 4214 boe
796 4155 906 4194 carmen
923 4156 974 4208 pro
989 4140 1073 4195 titulo
1088 4141 1229 4208 figebatur
1240 4140 1272 4195 in
1286 4140 1395 4210 pariete

219 4230 315 4283 sacelli
336 4230 414 4285 iuxta
432 4231 525 4284 lacum
546 4230 641 4300 positi,
661 4231 734 4285 unde
754 4229 829 4298 quod
848 4247 902 4284 uon
919 4232 961 4297 (ut
981 4229 1038 4284 lere
1057 4230 1116 4284 fieri
1135 4230 1255 4299 solebat)
1273 4231 1394 4285 rostrum

217 4318 379 4385 nauiculse,
398 4321 447 4375 sed
466 4325 528 4375 tota
547 4337 581 4374 ea
600 4321 815 4375 consecrabatur
833 4319 997 4387 explicatur.
1036 4319 1180 4374 Castorem
1200 4322 1230 4373 et
1248 4320 1394 4374 Pollucem

218 4410 374 4477 promiscue
399 4410 582 4480 appellabant
601 4410 688 4479 (Seru.
709 4413 744 4465 ad
765 4411 865 4480 Georg-
886 4407 922 4460 ΙΙΙ
943 4413 978 4460 89
1001 4409 1080 4463 stabo
1098 4410 1209 4464 licenter
1227 4413 1253 4463 d
1272 4409 1397 4465 maora
