2940 4912
622 329 739 384 XXXIX
758 338 801 385 4-
811 337 836 385 9.
1249 331 1314 397 223

148 492 250 545 stantes
268 490 308 545 rei
326 488 490 544 subsellium
505 492 643 560 cognatos
662 495 805 559 notosque.
827 521 859 530 —
879 489 908 545 4.
928 490 1049 546 renidet
1066 491 1132 547 ille.
1162 492 1205 546 his
1223 493 1316 547 uerbis

147 595 192 647 per
208 577 372 648 epiphoram
393 577 521 646 repetitis
539 578 611 632 mira
629 596 692 633 cum
712 581 772 632 arte
791 577 837 633 bic
852 582 881 633 et
895 595 921 634 u.
938 583 954 632 6
968 595 1122 649 pronomen
1136 580 1179 635 ita
1192 582 1315 650 ponitur,

148 671 176 721 nt
197 667 331 736 Egnatius
356 683 428 721 nnus
454 667 495 721 ita
521 684 605 736 agere
631 667 753 735 dicatur,
780 666 879 722 ceteris
905 667 1093 737 expeclationi
1118 687 1243 724 summae
1270 668 1316 723 uel

149 756 222 811 fletui
239 756 360 811 traditis.
397 757 556 825 germanice
575 758 651 811 recte
669 756 876 826 pronuntiando
895 757 949 812 hoc
969 757 1178 827 exprimendum
1197 761 1241 813 est
1260 758 1315 828 (‘er

147 845 296 915 laechelt’).
321 876 353 885 -
382 845 408 899 sl
433 843 471 899 ad
495 844 541 913 pli
563 859 670 912 rogum
694 845 758 900 fllcl
783 845 918 912 lugetur.
960 846 1022 901 Tib.
1042 846 1116 915 114,
1136 853 1170 902 cb
1193 853 1223 902 ot
1246 849 1316 903 bona

147 951 210 1003 pecc
226 950 275 988 nec
292 950 384 988 oraro
406 933 475 1000 serit,
499 939 605 989 centum
629 926 690 988 licet
713 950 801 989 annos
823 935 939 1000 uicerit,
964 936 1102 991 ardentem
1126 937 1235 1005 flebitur
1253 942 1316 991 onte

146 1039 244 1092 repam.
272 1023 369 1092 pulcre
388 1025 483 1077 autem
501 1022 728 1092 impersonaliter
747 1025 790 1076 est
809 1022 914 1075 dictum
933 1022 1080 1093 ‘lugetur’,
1098 1025 1156 1079 scil.
1176 1042 1194 1079 a
1211 1025 1316 1080 funeris

146 1111 236 1181 sociis,
254 1111 352 1166 amicis
370 1111 603 1181 propinquisque3
622 1112 677 1165 iam
697 1111 817 1180 Vulpius
836 1128 879 1180 cp.
895 1112 957 1166 Ter.
975 1113 1059 1167 Andr.
1079 1112 1091 1165 Ι
1111 1120 1135 1180 1,
1156 1119 1205 1167 102
1224 1116 1313 1183 fleterr.

146 1231 175 1241 -
192 1200 221 1256 5.
239 1200 316 1256 orba
334 1215 401 1255 cum
421 1200 475 1255 det
493 1200 615 1255 unicum
634 1199 742 1254 mater.
771 1199 841 1253 haec
857 1200 891 1254 ad
909 1199 1067 1268 augendam
1082 1201 1214 1271 imaginis
1228 1203 1313 1258 tristi·

144 1291 207 1344 tiam
231 1289 387 1357 adduntur,
410 1306 466 1357 quo
489 1305 522 1343 ex
546 1290 677 1358 opposito
700 1273 835 1357 ineptior⁸
848 1292 984 1358 appareat
1002 1289 1117 1359 Egnatii
1140 1291 1217 1345 risus.
1256 1290 1314 1347 Cic.

144 1379 177 1433 ad
200 1378 264 1433 iam.
284 1377 323 1432 IX
343 1383 427 1444 20,3
452 1379 574 1446 patriam
599 1379 675 1432 eierat
698 1379 754 1431 iam
781 1383 805 1431 et
827 1380 945 1448 proces
970 1384 995 1432 et
1018 1380 1125 1434 diutius
1148 1398 1231 1450 qnam
1256 1382 1316 1436 uilo

144 1475 224 1522 nater
244 1468 360 1522 unicum
382 1468 478 1533 filium.
515 1465 552 1520 ad
578 1465 723 1521 ‘unicum’
750 1465 818 1520 licet
841 1466 920 1519 nullo
943 1468 1058 1536 negotio
1081 1485 1257 1526 accersamus
1281 1486 1315 1526 er

144 1556 276 1625 prioribus
297 1555 430 1623 ‘filium’‚
449 1556 543 1609 tamen
566 1559 594 1610 et
613 1553 743 1610 absolute
762 1552 854 1624 accipi
871 1557 978 1624 potest,
998 1557 1029 1609 ut
1048 1557 1140 1612 Plaut.
1160 1557 1239 1629 Capt.
1259 1558 1271 1611 l
1290 1566 1315 1628 2,

143 1651 174 1698 u
190 1647 237 1699 cri
254 1646 301 1699 alle
319 1650 357 1699 eet
376 1647 476 1699 unicae
500 1643 582 1712 (Ciris
602 1650 653 1698 331
672 1645 777 1711 rorico).
815 1659 866 1698 nec
885 1644 977 1698 minus
997 1645 1088 1700 ‘orba’
1116 1647 1187 1716 (scil.
1208 1647 1314 1718 liberis)

144 1734 213 1789 haud
231 1752 295 1790 raro
314 1733 420 1789 dicitur
437 1733 578 1800 absolute,
597 1737 629 1788 ut
648 1732 743 1787 quen.
763 1739 793 1802 3,
814 1739 873 1787 129.
895 1764 927 1773 -
952 1734 982 1788 d.
1002 1734 1149 1802 quicquid
1168 1737 1230 1808 est,
1251 1737 1315 1792 ubi·

143 1837 264 1891 tamquo
283 1823 346 1894 cst,
367 1821 576 1889 quodcumque
595 1821 670 1887 agit.
698 1838 749 1890 per
769 1821 924 1891 asyndeton
939 1823 1191 1878 consummatiuurn
1207 1828 1236 1879 et
1249 1824 1316 1880 dum

146 1913 210 1967 illud
231 1911 466 1981 ‘usquequaque’
487 1926 538 1980 per
561 1913 655 1980 partes
679 1928 742 1966 suas
761 1911 938 1979 inlustratur,
958 1911 1072 1965 additur
1091 1912 1158 1983 hoc,
1177 1931 1229 1967 nec
1247 1929 1315 1982 rem,

146 2002 186 2056 cui
207 2020 272 2057 cnm
296 2000 419 2056 maxime
442 1998 566 2067 intersit,
591 2016 642 2054 nec
667 1999 758 2054 locum
783 2017 833 2054 ncc
857 2000 977 2069 deniquo
1003 2000 1032 2054 id
1056 2001 1133 2069 quod
1150 2001 1211 2073 ipse
1229 2001 1317 2058 faciat

145 2096 194 2159 (ea
208 2109 250 2162 gr.
270 2091 294 2145 ri
313 2089 444 2157 dormiat)
463 2090 614 2159 Egnatium
634 2089 671 2143 ab
690 2091 742 2143 hoc
761 2090 820 2144 risu
839 2090 984 2145 deducere.
1015 2090 1162 2160 ‘quidquid
1182 2094 1235 2147 est'
1257 2093 1315 2162 ple·

144 2197 254 2250 rumque
274 2179 387 2250 spectat
404 2182 441 2231 ad
459 2177 499 2232 rei
520 2178 665 2233 familiaris
684 2177 853 2247 paruitatcm
874 2178 918 2247 (cf.
936 2179 1004 2234 Don.
1022 2183 1050 2235 et
1062 2181 1183 2251 interpp.
1199 2182 1233 2234 ad
1251 2183 1314 2236 Ter.

145 2269 371 2337 liminare),
390 2267 479 2321 rarius
498 2267 576 2322 ualet
595 2266 742 2336 ‘quidquid
762 2266 827 2321 inde
847 2269 969 2322 eueniet'
990 2268 1091 2335 (Plaut.
1107 2268 1165 2324 mil.
1182 2269 1206 2324 lI
1220 2277 1246 2337 3,
1260 2273 1315 2340 lo),

145 2360 278 2414 rarissime
296 2358 344 2412 uel
363 2355 456 2428 potius
472 2355 529 2411 alio
545 2356 607 2410 loco
621 2356 711 2424 nullo,
728 2357 863 2425 quantum
879 2357 1006 2425 memini,
1022 2356 1127 2412 indicat
1142 2358 1212 2412 ‘siue
1227 2375 1316 2429 parua

146 2446 201 2502 niue
219 2465 321 2519 magna
339 2447 375 2500 dc
394 2461 423 2500 re
442 2445 558 2514 agitur’3
578 2444 770 2514 Vergilianum
791 2445 939 2514 ‘quidquid
960 2446 989 2499 id
1009 2447 1062 2501 est'
1084 2446 1123 2500 nil
1143 2449 1178 2501 ad
1198 2465 1264 2503 rem.
1281 2479 1314 2488 -

148 2536 172 2590 1.
188 2536 266 2592 hnc
284 2535 377 2591 habet
395 2533 542 2590 morbum.
579 2535 633 2588 hoc
656 2534 767 2589 laborat
784 2535 869 2602 uitio,
895 2539 926 2590 ut
944 2535 1010 2590 Hor.
1030 2539 1081 2591 sat.
1101 2537 1112 2590 l
1134 2542 1164 2605 6,
1183 2543 1218 2591 30
1241 2543 1272 2591 ret
1291 2539 1316 2591 si

147 2630 190 2695 pei
211 2631 328 2696 aramei
351 2641 403 2695 prro
426 2625 518 2679 morbo
541 2623 664 2689 Barrus,
691 2623 762 2678 Vell.
787 2625 846 2678 Pat.
872 2623 896 2677 ll
921 2630 954 2678 85
978 2624 1098 2678 Plancus
1122 2624 1202 2680 audit
1224 2627 1315 2681 morbo

145 2718 277 2784 proditor,
306 2716 333 2771 h.
354 2730 378 2770 c.
402 2713 473 2769 uitio
497 2712 616 2780 quodam
642 2712 739 2779 insito;
770 2712 832 2766 Sen.
857 2713 881 2766 d.
906 2713 986 2767 clem.
1011 2713 1035 2765 ll
1060 2721 1076 2768 θ
1099 2716 1171 2769 scios
1193 2715 1315 2769 morbum

149 2820 208 2870 erre,
225 2822 280 2859 non
298 2805 481 2876 bilaritatem,
500 2821 602 2872 semper
621 2804 749 2857 adridere
766 2804 920 2857 riderdibas
939 2809 963 2857 et
983 2804 1019 2857 od
1038 2806 1159 2858 cranium
1179 2805 1315 2859 oscitatio·

150 2895 307 2962 semipsum
327 2910 431 2962 quoquc
449 2909 479 2946 os
497 2893 624 2946 diducere
644 2896 672 2946 et
692 2892 716 2947 d.
738 2892 827 2945 benef.
848 2891 858 2943 l
881 2897 913 2944 14
933 2893 1092 2947 morbosae
1110 2910 1208 2948 morem
1226 2895 1316 2962 pessit,

151 2981 191 3034 nbi
209 2981 364 3038 Gronouius
383 2982 465 3051 plura
483 2982 604 3035 exhibet.
634 2981 844 3050 l'eerlkampius
863 2982 899 3034 ad
915 2981 979 3036 Hor.
995 2981 1038 3034 od.
1055 2982 1067 3035 l
1086 2988 1128 3049 37,
1148 2988 1163 3036 9
1184 3000 1225 3052 cp.
1245 2983 1316 3036 illud

151 3068 299 3137 Epicharmi
319 3068 404 3126 νόσον
425 3070 490 3139 ἔχει,
521 3074 564 3125 est
584 3070 718 3124 ‘habere’
744 3087 797 3124 uox
816 3068 931 3139 propria
949 3070 1123 3139 morborum,
1144 3076 1174 3125 ut
1195 3072 1316 3127 ‘babere

151 3160 242 3228 capitis
261 3161 400 3227 dolorem,
420 3162 553 3215 intcstina
572 3158 683 3228 soluta',
704 3158 816 3214 similia.
838 3191 871 3199 -
891 3160 919 3213 8.
938 3159 1117 3226 elegantem.
1137 3159 1200 3214 Xlll
1222 3168 1261 3215 10.
1283 3194 1315 3202 -

153 3247 298 3304 ubanam.
337 3248 413 3303 XXll
432 3256 456 3303 2.
496 3248 551 3303 Cic.
573 3249 607 3304 d.·
620 3249 665 3304 off.
686 3249 696 3301 l
717 3255 763 3316 29,
787 3254 836 3303 104
855 3250 968 3303 iocandi
991 3267 1075 3318 penus
1094 3250 1214 3319 clepone,
1234 3252 1316 3305 rerba·

153 3352 208 3389 ram
232 3354 287 3407 eqs.
314 3369 344 3376 -
371 3340 399 3392 9.
424 3352 518 3405 quaro
543 3337 722 3392 monendum
746 3337 794 3392 eat
819 3339 849 3391 te
872 3337 963 3409 nillil,
992 3338 1208 3405 perangusti.
1247 3340 1316 3405 ‘te’,

154 3425 217 3489 «ruod
233 3426 385 3494 remittit,
406 3444 470 3481 uere
485 3426 596 3480 addidit
611 3426 783 3496 Spengeliua,
799 3427 848 3480 scd
867 3429 932 3480 ante
949 3427 1026 3493 ‘est',
1045 3427 1237 3481 KPSchulzius
1253 3431 1317 3497 post

155 3513 219 3568 idern
241 3516 343 3571 rectius
364 3520 406 3585 (nt
428 3515 558 3570 similiter
579 3517 638 3570 ‘te’
659 3519 723 3585 post
744 3515 804 3569 ‘at’
831 3516 936 3569 excidit
954 3515 1039 3569 LXVI
1060 3518 1117 3583 26),
1142 3515 1231 3570 nimia
1250 3534 1311 3571 cnm

155 3602 258 3660 licentia
280 3606 386 3674 priores
410 3606 546 3660 dederant
566 3607 734 3660 ‘monendus
760 3606 813 3660 os’.
851 3605 931 3659 adest
955 3609 1048 3658 autem
1073 3622 1144 3673 quae
1170 3624 1254 3674 usqne
1280 3608 1316 3661 ad

158 3690 284 3750 Ciceronis
303 3698 425 3750 actatem
446 3695 558 3749 durauit
577 3696 746 3750 constructio
766 3694 973 3763 antiquissima,
993 3712 1048 3763 qua
1063 3695 1248 3764 gerundiuum
1266 3697 1316 3751 im·

157 3785 327 3850 personaliter
351 3784 509 3839 adhibitum
535 3787 638 3839 retinet
661 3786 736 3852 quod
759 3787 875 3839 uerbum
899 3785 1150 3853 regibobiectum,
1175 3791 1206 3840 ut
1225 3786 1316 3856 Priap.

156 3875 191 3938 tt,
206 3881 221 3927 1
239 3882 301 3945 quot
315 3876 410 3944 pondo
428 3879 466 3929 cat
485 3875 536 3927 tibi
554 3876 700 3928 nreatulom
720 3869 890 3939 coenredum,
906 3874 985 3928 Lucr.
1007 3876 1017 3927 l
1039 3882 1088 3930 111
1109 3883 1234 3931 aeternos
1253 3895 1315 3944 quo·

155 3962 220 4016 tion
240 3981 342 4032 poenos
368 3967 399 4017 in
425 3970 508 4018 morie
534 3965 682 4017 timendam
709 3969 759 4030 csi3
786 3963 819 4017 ci.
847 3963 955 4018 Brixius
983 3965 1018 4018 ad
1046 3965 1136 4019 l'laut.
1157 3966 1231 4020 Trin.
1256 3973 1316 4031 869,

156 4048 268 4106 delirius
287 4055 360 4122 synt.
382 4054 461 4108 hucr.
481 4072 507 4122 p.
526 4059 588 4119 135,
608 4054 771 4107 Kuehncrus
791 4072 831 4122 gr.
852 4052 869 4104 l.
890 4052 914 4104 ll
934 4073 960 4123 p.
977 4060 1037 4108 543.
1077 4055 1172 4107 ‘bone'
1194 4072 1257 4105 cnm
1276 4054 1313 4106 in-

157 4140 244 4195 risione
263 4147 291 4197 et
309 4145 486 4212 contemptu,
506 4145 538 4196 ut
557 4141 611 4195 Cic.
629 4143 705 4196 Vcrr.
722 4142 746 4195 V
768 4151 792 4209 d,
814 4149 846 4195 12
866 4144 934 4211 qaid
953 4145 1009 4209 oie,
1029 4144 1096 4196 bone
1114 4143 1234 4207 arciori),
1254 4142 1316 4196 Ter.

157 4229 228 4284 Aah.
248 4230 284 4285 111
304 4238 333 4299 b,
355 4236 387 4284 10
410 4233 457 4286 cho
475 4234 553 4297 dum,
577 4233 644 4286 boire
663 4234 721 4297 air,
746 4233 779 4285 cf.
800 4248 930 4301 graecum
959 4227 1065 4300 ὠγαθέ.
1088 4261 1119 4269 --
1140 4230 1174 4283 de
1194 4248 1227 4283 ea
1247 4246 1316 4298 quac

157 4315 204 4372 ianr
222 4321 345 4389 seqnitur
363 4320 553 4375 admonitione
574 4323 648 4374 recte
669 4322 806 4374 Muretus:
827 4321 935 4374 ‘subest
954 4322 995 4374 uis
1015 4320 1173 4390 argumenti
1193 4315 1315 4373 drisci

158 4400 304 4479 ildrroror,
324 4409 378 4465 hoc
399 4410 489 4465 modo.
524 4410 636 4464 etiamsi
655 4411 789 4464 oriundus
808 4426 882 4464 esses
901 4409 1049 4480 exaliqua
1068 4426 1163 4464 earum
1183 4409 1317 4478 gentium,
