2940 4912
189 331 255 394 550
660 329 772 385 LXXVI
793 338 889 384 9-11,

189 490 384 545 reconciliatus
404 491 542 545 laboranti
562 491 706 546 succurrit.
743 490 797 546 uisi
816 491 888 546 forte
908 491 948 545 nil
967 490 1045 545 aliud
1064 491 1156 546 uoluit
1174 495 1261 561 poeta
1279 509 1365 560 quarn

190 581 256 648 hoc,
276 578 356 633 bonis
381 582 410 634 ct
428 580 511 634 dictis
535 585 564 634 et
587 580 670 635 lactis
694 598 724 635 se
743 580 861 635 Lesbiae
885 581 940 650 ipsi
958 598 1081 636 amorem
1102 598 1183 634 suum
1202 582 1365 637 ostendisse.

190 669 282 723 Plaut.
302 668 376 723 Pers.
396 670 434 722 IV
453 675 483 736 3,
502 675 537 723 24
556 671 703 725 benedictis
726 671 781 725 tais
804 671 945 737 benefacta
969 687 1049 725 aures
1072 687 1145 724 arcae
1162 671 1302 725 armiliam
1320 688 1365 724 aa·

189 759 339 827 postulant.
360 789 393 798 -
411 760 441 812 e.
460 759 562 813 emula
580 772 656 826 quae
676 759 814 824 ingratae
832 759 994 828 perierunt
1012 758 1130 814 credita
1147 759 1253 814 menti.
1291 763 1366 814 recte

191 847 231 902 sic
250 848 362 902 initium
381 846 565 902 restituerunt
588 846 666 915 Itali,
692 847 884 917 synaloephen
907 847 1048 903 duriorem
1066 865 1084 903 a
1103 847 1214 903 Catullo
1236 866 1294 903 non
1317 849 1366 902 ab·

192 938 303 991 horrere
322 937 381 991 iure
407 935 548 1001 arbitrati;
573 936 709 990 traditum
730 937 912 1006 ‘omniaque’,
935 938 1010 1006 quod
1033 936 1142 1006 respuit
1164 936 1367 993 sententiarum

192 1043 326 1092 conexus,
346 1043 401 1080 uon
420 1025 580 1080 defenditur
600 1024 718 1079 fortuita
736 1028 811 1095 apud
830 1026 912 1095 Prop.
931 1026 944 1079 1
963 1031 992 1095 3,
1012 1032 1045 1080 25
1065 1025 1259 1082 similitudine.
1298 1028 1367 1083 ‘cre-

192 1115 274 1183 dita’,
294 1114 455 1181 commissa;
476 1118 507 1169 ut
524 1115 631 1169 semina
650 1114 742 1169 coloni
761 1115 880 1171 credunt
898 1119 988 1171 terrae
1012 1115 1117 1170 laboris
1136 1115 1292 1171 mercedem
1312 1118 1368 1172 sibi

193 1203 401 1274 promittentes,
421 1203 461 1258 sic
479 1204 616 1258 beneficia
633 1202 663 1258 in
682 1204 804 1272 aliquem
824 1203 991 1258 conferimus
1010 1207 1155 1273 sperantes
1173 1206 1313 1261 redditum
1333 1207 1368 1261 iri

193 1293 274 1348 nobis
298 1291 428 1362 gratiam.
460 1292 551 1347 Plana
571 1292 655 1348 Poen.
676 1293 763 1362 1113,
784 1299 817 1347 22
836 1295 908 1348 malo
926 1295 1020 1364 siquid
1038 1295 1103 1349 bene
1119 1295 1222 1362 (amas,
1242 1296 1272 1349 id
1291 1298 1368 1351 berre·

192 1383 285 1449 Mans
303 1382 412 1447 interit,
430 1380 510 1436 Lucr.
530 1382 569 1436 111
588 1388 640 1437 937
664 1384 778 1452 inprata
801 1384 928 1437 interiere
952 1386 982 1437 et
1000 1389 1051 1437 940
1066 1384 1172 1452 periere
1186 1386 1313 1454 profusa
1335 1418 1367 1426 -

196 1472 243 1526 10.
263 1485 357 1538 quare
376 1485 431 1525 eur
449 1471 480 1525 te
504 1470 564 1525 lam
587 1470 717 1539 ampllus
741 1470 915 1527 excruciest
954 1473 1050 1540 ‘quare
1070 1473 1129 1526 our’
1151 1474 1314 1542 copulatum
1334 1493 1369 1530 ue

195 1560 312 1628 mireris,
327 1559 561 1615 reminiscendum
577 1563 628 1629 est,
644 1579 753 1630 semper
768 1560 825 1616 fere
841 1562 953 1630 ‘quare’
966 1563 1039 1631 apud
1055 1564 1179 1616 nostrum
1190 1565 1371 1620 consecutiue

194 1650 288 1718 t‘quae
304 1667 366 1703 cum
381 1649 422 1702 ita
437 1649 526 1719 sint'),
543 1648 631 1704 rarius
646 1649 848 1720 interrogatiue
863 1651 909 1720 (cl.
920 1650 1011 1705 XXlll
1028 1655 1069 1717 15,
1083 1649 1170 1705 LXIX
1186 1659 1210 1719 1,
1225 1652 1326 1707 LXXX
1344 1658 1369 1723 1)

194 1739 268 1810 poni.
300 1739 431 1792 lacunam
450 1737 656 1794 intolerabilem
675 1739 721 1808 (ad
736 1738 838 1793 LXVII
853 1742 898 1809 14)
918 1736 985 1793 olim
1004 1739 1046 1792 ita
1064 1744 1251 1811 remouerunt,
1270 1745 1303 1796 ut
1321 1745 1372 1797 aut

196 1847 259 1883 cnm
275 1827 354 1882 Italis
371 1826 438 1882 ‘iam
454 1831 481 1881 tc
498 1828 557 1881 cur’
574 1832 624 1882 aut
642 1832 756 1882 auctore
771 1829 880 1882 Mureto
896 1829 935 1883 ‘te
955 1829 1011 1882 iam
1025 1830 1084 1883 cur’
1101 1834 1275 1900 reponerent,
1295 1834 1371 1888 male

196 1917 358 1972 dirimentes
382 1917 534 1971 cohaerens
558 1917 629 1970 illud
657 1917 724 1971 ‘iam
748 1917 881 1988 amplius'
908 1918 953 1987 (ct
974 1934 1016 1973 ex.
1035 1936 1075 1988 gr.
1096 1918 1151 1974 Cic.
1171 1918 1254 1976 Catil.
1274 1920 1285 1973 l
1304 1927 1371 1987 3,6

196 2009 268 2077 qaod
292 2009 348 2061 iasa
372 2007 492 2075 amplias
514 2009 653 2075 expectes).
697 2024 781 2075 quare
804 2007 927 2077 praetuli
951 2006 1018 2062 ‘iam
1041 2008 1109 2061 iam’
1135 2007 1269 2075 scribere,
1296 2009 1371 2076 quod

195 2100 292 2150 notum
312 2097 355 2149 est
372 2094 448 2150 haud
468 2112 529 2150 raro
555 2094 594 2149 sic
614 2113 665 2165 pro
685 2096 807 2165 simplici
826 2095 906 2149 ‘iam’
927 2095 1007 2166 poni,
1031 2098 1063 2150 ut
1080 2097 1194 2167 grauius
1213 2098 1371 2165 praesentis

195 2184 329 2255 temporis
347 2185 425 2239 notio
445 2184 576 2239 efferatur
600 2188 697 2254 (nunc,
721 2186 769 2240 ubi
788 2186 883 2240 omnia
905 2201 981 2240 uana
1003 2188 1088 2255 atque
1108 2187 1193 2241 inrita
1211 2186 1315 2257 uides);
1335 2188 1370 2241 cf.

196 2274 322 2328 Haudius
340 2273 459 2328 Tursell.
475 2275 513 2328 Ill
533 2292 559 2343 p.
578 2281 626 2328 165
642 2293 702 2343 sqq.
731 2290 902 2344 quamquam
921 2274 1008 2342 siquis
1022 2276 1077 2329 hoc
1091 2279 1237 2330 auersatus
1256 2281 1372 2346 propter

196 2381 353 2430 caesuram,
373 2380 428 2431 qua
446 2380 504 2418 non
522 2363 592 2417 bene
616 2362 790 2418 discindatur
807 2363 894 2432 illud,
920 2364 1001 2418 malit
1025 2365 1105 2420 ‘tete’
1127 2382 1275 2435 reponere,
1295 2366 1372 2434 equi·

196 2454 260 2507 deni
278 2470 351 2507 nunc
370 2470 426 2507 non
446 2451 626 2507 uehementer
644 2453 821 2522 refragab0r;
842 2454 923 2509 ‘tete'
939 2472 990 2523 pro
1005 2454 1129 2524 simplici
1148 2455 1199 2509 ‘te'
1220 2455 1373 2511 adhibetur

197 2543 230 2596 Cl
250 2549 266 2595 5
287 2542 404 2610 (Neuius
423 2542 449 2595 d.
469 2542 488 2597 f.
508 2541 527 2596 l.
547 2541 572 2595 ΙΙ
590 2560 616 2611 p.
639 2546 708 2612 182).
748 2542 921 2611 ‘excrucies’,
941 2541 1064 2597 LXXXV
1086 2551 1110 2597 2.
1132 2576 1163 2584 -
1187 2544 1233 2601 11.
1253 2545 1305 2612 qul
1325 2546 1371 2600 tul

197 2630 295 2685 anlmo
320 2631 457 2686 olllrmas
480 2632 570 2697 atquc
594 2631 799 2698 lnstlncteque
822 2631 954 2687 reducis.
993 2650 1026 2686 ex
1050 2632 1093 2687 his
1112 2632 1278 2703 corruptelis
1297 2634 1373 2702 quod

197 2719 288 2773 solum
308 2719 365 2773 lere
385 2720 492 2788 aliquid
511 2718 686 2773 fundamenti
706 2719 824 2789 praebet
842 2720 1027 2790 disputationi
1043 2721 1199 2789 ‘offirmas’,
1219 2722 1246 2776 id
1267 2722 1372 2793 duplici

197 2809 279 2863 modo
300 2808 482 2875 construitur,
503 2811 532 2862 ct
554 2809 701 2863 transitiua
726 2808 833 2879 (Attius
852 2811 923 2878 trag.
944 2815 994 2864 371
1015 2811 1048 2865 a.
1072 2812 1149 2865 modo
1168 2817 1224 2866 tata
1242 2814 1300 2881 ipsc
1324 2819 1374 2867 tete

197 2899 320 2964 officere,
339 2898 429 2952 Plaut.
451 2915 532 2953 merc.
554 2898 623 2968 prol.
643 2904 676 2953 82
701 2904 764 2953 atat
787 2900 911 2952 animum
934 2901 1042 2967 offirmo
1065 2902 1164 2967 meam)
1188 2904 1217 2955 et
1242 2902 1372 2956 absolute

197 2992 241 3058 (ut
259 2989 322 3044 Ter.
342 2988 411 3042 Eun.
430 2986 455 3039 11
477 2994 503 3055 1,
525 2994 555 3040 11
581 3005 676 3042 cen-sen
695 3005 774 3057 peasa
797 3005 836 3043 mc
859 2989 1022 3059 offirmare);
1048 2990 1096 3045 sed
1119 2990 1148 3043 in
1171 2990 1225 3044 hoc
1248 3009 1301 3045 usu
1324 2993 1372 3045 ab·

198 3078 290 3131 soluto
310 3075 442 3131 accedere
460 3094 540 3146 posse
561 3077 688 3143 ‘animo’‚
707 3095 757 3131 nec
776 3078 904 3147 exemplo
924 3081 1035 3133 constat
1049 3096 1100 3133 nec
1114 3097 1165 3148 per·
1179 3096 1209 3133 se
1223 3081 1371 3149 probabile

198 3167 247 3221 est.
276 3167 371 3232 itaque
391 3164 469 3220 Italis
488 3168 517 3219 et
536 3165 652 3220 AStatio
671 3165 833 3221 auctoribus
852 3167 937 3236 uulgo
956 3168 1054 3236 legunt
1074 3168 1151 3236 ‘quin
1172 3173 1203 3222 tu
1222 3168 1369 3225 animum’.

198 3256 259 3307 crat
278 3271 341 3306 eum
360 3253 430 3307 mihi
453 3255 595 3308 adrideret
614 3255 729 3322 ‘quitui'
756 3258 894 3310 mutatum
918 3256 948 3309 in
969 3256 1081 3325 ‘quitni‘
1103 3257 1162 3310 siue
1183 3257 1303 3325 ‘quidni‘
1325 3260 1372 3327 (dc

199 3344 290 3396 forma
315 3342 397 3410 ‘quit’
425 3342 459 3398 cf.
480 3342 631 3397 Corssenus
656 3344 689 3398 de
714 3346 842 3413 pronunt.
867 3345 879 3396 l
902 3363 929 3414 p.
950 3345 1036 3414 194');
1061 3344 1111 3398 sed
1134 3347 1208 3413 quod
1232 3347 1268 3401 ad
1293 3364 1372 3401 usum

201 3433 277 3487 uocis
305 3431 409 3487 attinet
436 3433 482 3500 (de
511 3451 566 3503 quo
595 3434 630 3487 cf.
655 3433 818 3488 Kuehnerus
843 3452 884 3503 gr.
904 3435 922 3489 1.
946 3434 972 3487 11
996 3453 1022 3503 p.
1043 3438 1120 3504 996),
1149 3435 1282 3503 deceptus
1311 3455 1372 3490 sum

201 3521 335 3590 exemplis
356 3522 429 3575 male
455 3521 609 3578 fallacibus.
647 3523 757 3577 aceedit
779 3524 853 3593 quod
874 3523 964 3592 ‘quin'
985 3524 1030 3592 (de
1050 3541 1105 3593 quo
1124 3526 1158 3580 cs.
1179 3525 1286 3579 Kuehn.
1307 3528 1323 3580 l.
1344 3527 1374 3594 l)

200 3612 358 3667 confirmari
383 3611 496 3666 uidetur
518 3613 580 3667 loco
604 3612 742 3667 Ouidiano
765 3630 821 3666 non
844 3613 903 3668 sine
928 3612 1122 3668 recordatione
1147 3614 1236 3668 nostri
1259 3616 1374 3686 scripto,

201 3707 267 3757 ruet.
286 3702 324 3754 IX
345 3708 395 3755 745
415 3704 483 3770 qaia
506 3704 629 3756 animam
651 3704 745 3769 firnras
769 3709 843 3772 teque
865 3704 928 3771 ipsa
946 3704 1093 3772 recollipts,
1114 3704 1195 3771 Iphi,
1214 3705 1374 3776 consiliique

201 3795 295 3862 inopes
314 3797 337 3845 ct
356 3792 453 3846 statim
471 3793 576 3846 excutis
594 3791 690 3860 ipnes?
709 3796 785 3860 (narn
804 3791 940 3846 insuetius
959 3792 1016 3846 ianr
1033 3791 1194 3848 ‘offirmare'
1216 3792 1297 3847 Ouid.
1317 3812 1373 3849 non

199 3882 293 3951 potuit
310 3898 366 3934 non
385 3885 513 3948 mutare).
551 3881 592 3934 ita
610 3880 697 3949 igitur
716 3880 890 3935 retinendam
910 3883 976 3951 puto
995 3880 1145 3936 lectionem
1165 3883 1323 3952 uulgarem,
1342 3889 1374 3938 nt

199 3973 297 4024 tamen
320 3969 480 4024 eliminetur
504 3970 558 4023 ‘tu'
584 3970 653 4024 duce
673 3968 788 4025 Ouidio:
812 3970 840 4024 in
866 3970 930 4024 ‘tui‘
956 3970 1054 4025 ductus
1078 3968 1185 4040 priores
1205 3971 1256 4038 ἤι’,
1280 3977 1373 4040 postc-

199 4061 286 4114 riores
307 4060 346 4112 ‘u’
369 4060 435 4113 olim
456 4078 540 4129 supra
560 4058 627 4116 ‘aar’
649 4059 782 4128 scriptam
796 4060 938 4114 continere
953 4057 1092 4113 uidentur.
1121 4059 1195 4113 idem
1211 4061 1369 4131 exemplans

201 4149 296 4204 Ouidii
315 4149 391 4203 uiam
406 4152 545 4204 monstrat
563 4149 592 4203 in
612 4149 661 4204 illo
683 4149 892 4218 ‘instincteque’
909 4146 944 4216 (e
961 4147 1191 4215 ‘instinctoque’t
1219 4153 1248 4202 et
1263 4150 1370 4206 ‘istinc'

201 4241 315 4295 obuium
340 4239 394 4292 iarn
419 4239 485 4293 olim
511 4238 574 4293 Itali
598 4240 685 4294 latere
710 4239 851 4306 uiderunt,
876 4239 903 4292 h.
923 4254 945 4291 e.
965 4235 1024 4291 siue
1044 4235 1091 4288 ‘ab
1109 4234 1163 4288 ista
1182 4234 1307 4303 ingrata'
1329 4243 1373 4309 (ut

200 4347 284 4398 saepe
304 4327 440 4382 aduerbia
459 4329 513 4383 loci
531 4329 593 4384 uice
619 4346 800 4399 personarum
824 4331 977 4397 ponuntur,
1000 4323 1034 4379 cf,
1055 4321 1150 4376 ‘unde’
1172 4339 1221 4391 pro
1243 4326 1270 4379 ‘a
1290 4330 1371 4396 quo'l

201 4419 261 4474 siue
282 4419 329 4472 ‘ab
348 4418 401 4472 isto
420 4419 531 4488 ingrato
550 4420 657 4475 amora’
679 4417 725 4486 (cf.
741 4418 806 4472 Hor.
826 4418 877 4470 sat
898 4414 953 4480 14,
975 4415 1043 4480 131).
1071 4411 1127 4464 iam
1146 4427 1210 4465 cum
1230 4411 1272 4468 ‘sc
1291 4417 1372 4472 redu·
