2940 4912
537 319 624 374 LXXI
643 326 667 375 5.
705 319 806 374 LXXII
827 325 904 374 1-2.
1239 320 1305 383 543

135 479 246 533 dicatur
269 478 350 533 heres
374 496 407 534 ex
430 480 508 534 hirco
531 481 712 550 podagraque
736 483 765 534 et
788 483 967 550 recuperetur
986 481 1060 534 iusta
1084 480 1234 536 adlocutIo.
1272 497 1306 534 ox
1338 462 1341 468 ⁴

134 567 227 622 uerbis
254 565 341 636 igitur
368 569 481 622 traditis
506 569 579 623 ‘uiro
602 569 675 624 bono
703 570 887 624 sacratorum'
913 570 1080 624 eliciendum
1104 574 1148 624 est
1170 570 1200 623 id
1229 571 1304 637 quod

131 660 273 724 tamquam
301 657 445 712 salutifera
466 657 530 713 luee
549 658 648 713 horum
667 676 797 712 uersuum
822 658 953 714 tenebras
977 659 1117 713 discutiat.
1156 657 1244 713 libere
1264 659 1304 712 di-

108 731 192 800 'esm
217 746 292 814 quod
315 746 420 813 sentio,
446 747 498 801 etsi
523 765 577 801 uou
603 747 726 802 defuturi
744 752 808 802 sunt
831 749 880 816 qui
903 765 948 802 me
972 748 1085 803 ariolari
1109 747 1238 804 clament.
1276 748 1304 802 iu

130 851 200 890 uoce
226 835 310 890 ‘uiro'
336 835 487 890 detrahens
512 837 552 890 ‘o'
578 836 701 890 litteram
725 854 811 906 saepe
835 854 853 890 a
875 839 1020 892 monachis
1044 838 1079 891 ad
1099 838 1305 907 designandum

131 942 293 996 uocatiuum
316 942 441 996 additam
467 943 513 1010 (cf.
533 942 554 995 L
575 949 607 996 19
631 945 713 998 ucello
738 961 772 997 ex
793 922 892 1000 ‘ocelli
917 946 1021 1012 ortum)
1046 948 1075 998 et
1098 962 1180 1014 porro
1206 944 1302 998 ‘bono'

130 1034 240 1086 remota
261 1030 471 1085 adsimilatione
494 1035 605 1086 mutans
630 1033 660 1086 in
680 1032 785 1099 ‘bone’‚
809 1032 863 1087 hoo
888 1033 943 1086 ‘uir
966 1033 1049 1087 boue’
1074 1048 1136 1086 eam
1160 1050 1244 1100 quam
1264 1049 1304 1086 re-

130 1120 265 1189 quirimus
284 1120 491 1174 adlocutionem
511 1121 652 1175 continere
673 1122 719 1175 aio
738 1121 912 1189 Lesbiaeque
931 1122 1064 1176 maritum
1082 1120 1302 1192 intellegendum

131 1227 191 1264 esse
214 1210 259 1277 (oi.
280 1206 415 1263 LXVIIIb
436 1215 498 1277 106,
523 1209 663 1264 LXXXIII
683 1214 718 1279 1).
761 1212 812 1265 ‘ut’
839 1211 961 1279 inquies,
987 1212 1052 1265 ‘etsi
1075 1211 1163 1264 Rufus
1187 1212 1305 1265 fortasse

130 1299 261 1352 extremis
281 1297 388 1352 Metelli
407 1298 580 1368 temporibus
598 1298 654 1353 iem
680 1299 761 1352 huius
781 1301 909 1354 aemulus
933 1299 961 1354 in
981 1300 1101 1354 Lesbiae
1120 1318 1215 1355 umore
1235 1303 1305 1368 erat,

131 1388 226 1441 tamen
249 1390 308 1442 tum
333 1405 395 1442 cum
421 1387 547 1442 Catullus
571 1389 687 1442 Romam
713 1389 796 1442 rediit
819 1389 875 1443 iam
899 1389 1030 1444 Metellus
1055 1392 1172 1444 mortem
1197 1389 1307 1444 obierat

129 1481 164 1544 (o.
184 1476 248 1530 VIII
271 1479 337 1530 ante
360 1478 488 1531 nostrum
511 1482 554 1532 est
576 1478 748 1547 scriptorq’.
791 1479 839 1533 sed
864 1478 960 1533 ‘bone’
985 1496 1041 1533 non
1067 1482 1125 1534 tam
1153 1477 1306 1558 εἰρωνικῶς

130 1565 259 1633 (ΧΧΧΙΧ
273 1568 300 1634 9)
315 1565 510 1634 accipiendum
530 1569 574 1620 est
592 1584 675 1635 quarn
694 1584 743 1636 pro
763 1567 892 1621 sollemni
910 1570 1084 1621 mortuorum
1099 1568 1305 1638 appellatione:

129 1656 162 1708 ut
185 1653 286 1708 Graeci
311 1651 440 1723 χρηστός,
467 1655 507 1709 sie
533 1653 623 1709 Latini
650 1655 762 1709 ‘bonus’
790 1656 874 1725 plane
897 1658 930 1709 ut
954 1656 1076 1710 ‘beatus‘
1102 1657 1136 1711 do
1163 1655 1303 1710 defunctis

130 1742 303 1798 adhibebant
326 1744 372 1812 (of.
390 1743 601 1812 Peerlkampius
626 1745 661 1797 ad
685 1744 749 1799 Hor.
776 1746 819 1800 od.
840 1744 878 1798 IV
905 1754 932 1812 1,
952 1752 981 1812 8,
1006 1745 1108 1799 Minue.
1134 1745 1190 1799 Fel.
1218 1752 1246 1813 1,
1270 1749 1303 1813 1).

129 1834 174 1887 est
191 1850 258 1888 saue
276 1832 348 1887 haee
367 1832 510 1888 adlocutio
529 1833 636 1887 Metelli
664 1834 779 1900 mortui,
803 1851 821 1888 a
843 1851 897 1903 quo
916 1834 1025 1889 hire'um
1048 1835 1258 1903 podagramque
1276 1835 1305 1888 in

130 1939 234 1977 nouum
258 1922 376 1976 Lesbiae
399 1922 551 1977 fututorem
575 1923 790 1993 transmigrasse
813 1925 914 1978 acerbo
938 1940 1001 1977 oum
1025 1923 1087 1978 ioco
1115 1923 1190 1976 ludit
1212 1926 1305 1993 poeta,

130 2029 164 2065 ex
182 2015 277 2067 nostra
295 2012 434 2066 sentiendi
458 2011 566 2065 ratione
591 2029 640 2067 neo
660 2014 778 2066 honesta
797 2013 890 2066 hercle
909 2029 961 2067 neo
980 2016 1110 2076 uenusta;
1134 2013 1181 2065 sed
1206 2012 1305 2066 eadem

130 2102 204 2171 apud
233 2099 389 2168 Catullum,
422 2101 471 2168 qui
498 2117 565 2170 prse
594 2101 685 2154 lurore
716 2102 801 2155 fanda
828 2101 952 2156 nefanda
982 2101 1011 2155 iu
1040 2103 1165 2157 aemulos
1193 2101 1302 2168 conicit,

130 2191 256 2245 serenda:
275 2191 367 2260 posito
387 2192 440 2245 hoo
460 2190 663 2259 epigrammate
679 2190 732 2256 ibi,
752 2190 800 2244 ubi
814 2190 923 2245 Metelli
938 2191 1073 2245 memoria
1087 2191 1207 2245 maxime
1226 2192 1304 2260 ulge-

130 2281 180 2335 bat
198 2279 299 2349 (ueluti
317 2280 346 2333 iu
365 2281 450 2333 ianua
469 2278 546 2333 dorui
564 2279 647 2347 eius),
667 2279 709 2334 ita
727 2282 760 2334 ut
778 2279 869 2333 aerius
888 2280 948 2334 fieri
966 2279 1098 2350 nequiret
1111 2281 1172 2334 Rufi
1192 2282 1222 2333 et
1236 2280 1302 2334 Les-

130 2368 194 2422 biae
208 2385 288 2423 amor
302 2372 331 2423 et
345 2368 413 2422 risui
427 2369 592 2423 tradebatur
606 2373 635 2423 et
651 2369 832 2438 contemptui.
860 2369 973 2438 iamque
989 2370 1098 2423 minora
1111 2386 1183 2437 quae
1198 2373 1306 2424 restant

130 2457 201 2512 ultis
220 2459 354 2532 sananda.
388 2460 464 2512 route
482 2457 609 2527 plerique
628 2458 698 2511 illud
718 2456 840 2510 Palladii
861 2455 943 2511 ‘iuro’
964 2457 1000 2510 ob
1019 2474 1082 2511 eam
1100 2458 1222 2513 maxims
1241 2475 1304 2513 oan-

130 2564 190 2602 sam
209 2548 352 2614 fenerant,
371 2548 446 2616 quod
464 2548 493 2601 iu
512 2566 538 2601 u.
558 2555 569 2600 1
590 2547 741 2614 requiritur
759 2546 866 2615 aliquid
885 2548 961 2615 quod
978 2547 1043 2601 uoci
1061 2548 1184 2602 ‘merito’
1206 2565 1303 2602 uersus

131 2637 247 2691 secundi
269 2637 450 2707 respondeat:
475 2637 503 2690 in
529 2637 619 2690 ‘iure’
641 2638 671 2690 et
695 2635 825 2690 ‘merito’
851 2636 941 2690 omnis
964 2652 1031 2690 sane
1054 2636 1098 2690 uis
1121 2638 1201 2692 inest.
1239 2638 1304 2692 hinc

130 2727 248 2782 restituo
275 2725 393 2794 ‘siquoi,
416 2727 461 2780 uir
484 2726 568 2794 boue,
592 2727 701 2780 sacrato
725 2725 785 2780 iure
812 2725 923 2779 obstitit
945 2726 1065 2780 hircus':
1089 2728 1121 2780 ut
1143 2727 1219 2781 haud
1242 2743 1305 2782 raro

129 2816 279 2871 ‘sacratus’
301 2832 351 2885 pro
372 2816 472 2869 ‘sacer'
489 2814 601 2882 poniIur
615 2815 675 2883 (LV
690 2817 718 2882 ὁ)
733 2815 898 2884 saepiusque
918 2818 1068 2870 ooourmnt
1083 2815 1206 2870 ‘sacrata
1220 2815 1304 2884 iura’,

130 2907 169 2960 ita
187 2907 233 2961 hio
252 2907 382 2975 respectu
400 2905 504 2959 mortui
523 2905 658 2961 usitatum
677 2904 748 2958 illud
774 2905 856 2958 ‘iure’
877 2903 1034 2959 intenditur
1057 2904 1154 2959 addito
1178 2906 1236 2960 illo.
1275 2906 1304 2959 in

129 3010 211 3048 uersu
231 2997 325 3049 autem
343 2994 429 3049 tertio
448 2994 564 3048 uideant
590 2994 639 3048 alii
662 3011 728 3047 num
748 2994 851 3048 leniore
870 2993 981 3048 medela
1004 2995 1113 3065 possint
1132 2995 1243 3064 aptiora
1261 3012 1304 3049 re·

129 3083 245 3139 stituere
269 3101 329 3152 me,
352 3085 398 3138 eui
421 3101 438 3137 a
461 3084 601 3138 sententia
624 3084 761 3153 optimum
783 3083 897 3137 uidetur
920 3084 991 3138 hece
1012 3084 1149 3138 ‘aemulus
1167 3085 1235 3151 iste,
1253 3087 1303 3139 tuo

129 3174 177 3242 qui
195 3175 268 3228 lecto
287 3177 398 3228 exercet
416 3174 561 3228 amorem’.
587 3204 619 3212 -
644 3175 672 3228 5.
697 3173 859 3229 ululaeltur
884 3173 998 3229 ambos.
1036 3177 1066 3227 et
1084 3190 1114 3227 se
1133 3178 1163 3228 et
1180 3175 1304 3243 puellam

129 3279 220 3332 poena
242 3262 343 3330 efficit,
369 3264 401 3317 ut
419 3280 459 3317 ex.
479 3281 520 3332 gr.
542 3263 627 3330 Syrus
647 3263 665 3317 S
685 3271 719 3317 20
737 3264 850 3318 stultam
869 3269 907 3318 est
925 3264 994 3318 aelle
1012 3265 1110 3318 ulcisci
1133 3266 1219 3319 aliam
1244 3281 1304 3319 essm

124 3369 216 3422 poena
233 3369 294 3407 suu.
314 3384 346 3392 -
366 3352 395 3407 θ.
414 3351 501 3407 illam
524 3352 638 3419 asurgit
661 3353 763 3409 odore.
802 3352 871 3407 hirei
896 3353 1003 3407 foetore
1022 3369 1110 3422 paene
1134 3353 1304 3422 internecat;

128 3440 224 3496 Liuius
244 3439 282 3494 III
302 3447 318 3496 6
337 3443 404 3496 urbs
418 3443 577 3510 pestilentia
596 3443 711 3510 afflicta.
741 3444 816 3495 reete
832 3441 951 3511 Vulpius
969 3441 1098 3508 adnotat,
1118 3440 1146 3493 in
1164 3441 1225 3509 ipso
1240 3458 1303 3496 oon-

129 3532 226 3586 cubItu
244 3533 365 3586 taetrum
386 3531 500 3586 odorem
515 3531 663 3585 axillarum
676 3531 764 3584 totius
780 3528 904 3599 corporis
920 3530 1014 3584 sudori
1030 3529 1209 3584 coniunctum
1226 3531 1302 3599 (Hor.

130 3621 208 3690 epod.
226 3627 268 3688 12,
284 3624 311 3689 ⁷)
325 3621 527 3690 ingrauesoere.
543 3652 578 3662 -
596 3620 742 3689 podagra.
770 3618 816 3672 hio
838 3619 877 3671 ‘a’
898 3619 1065 3673 naturaliter
1084 3619 1191 3684 breuis,
1208 3623 1304 3673 contra

128 3726 155 3763 u.
174 3716 190 3763 t
211 3708 351 3780 positione
370 3709 468 3780 longa3
491 3710 531 3764 sio
550 3709 597 3764 uel
619 3710 648 3764 in
667 3709 765 3764 eodem
789 3724 871 3763 uersu
896 3726 938 3761 ex.
958 3725 998 3776 gr.
1019 3708 1084 3762 Hor.
1106 3707 1149 3761 od.
1169 3708 1181 3759 I
1201 3714 1248 3774 31,
1270 3714 1301 3761 11

128 3804 153 3853 et
171 3797 278 3870 Lycum
297 3799 388 3868 stipsis
405 3800 492 3854 oculis
509 3797 649 3870 seipsoque.

644 3955 781 4010 Lm

200 4068 229 4141 1,
249 4068 278 4125 2.
302 4067 431 4124 mestas
455 4067 604 4135 quondum
629 4068 725 4122 solum
749 4069 780 4122 to
804 4064 1077 4135 nomentanum,
1102 4064 1224 4136 Lesbis,
1247 4080 1302 4122 nes

129 4171 201 4227 prae
224 4172 271 4212 me
296 4157 380 4213 nelis
405 4159 510 4212 tenere
535 4159 648 4212 Iouem.
689 4156 817 4225 tangitur
841 4157 938 4226 aperte
962 4172 984 4209 e.
1005 4153 1077 4208 LXX
1102 4153 1225 4220 initium3
1252 4173 1303 4210 neo

128 4249 224 4301 tamen
243 4247 410 4315 ‘quondam’
431 4247 473 4300 lta
491 4246 612 4316 ponitur,
632 4245 712 4314 quasi
731 4247 785 4300 hoe
798 4244 914 4300 Lesbiae
929 4244 1096 4313 promissum
1112 4242 1208 4296 multis
1224 4244 1302 4298 aunis

128 4339 193 4389 ants
213 4335 250 4390 stt
276 4337 395 4402 factum,
422 4335 471 4389 sed
496 4335 563 4402 quia
588 4335 729 4388 assiduum
755 4350 817 4386 eum
841 4332 978 4386 riualibus
1003 4330 1108 4386 bellum
1133 4331 1303 4402 defatigauit

128 4427 250 4495 poetam,
264 4426 339 4480 undo
352 4427 464 4494 tempus
478 4423 544 4479 iudo
559 4424 686 4494 elapsum
700 4423 811 4493 lougius
825 4425 867 4477 est
881 4422 981 4477 uisum.
1010 4421 1050 4475 sie
1065 4420 1128 4474 VIII
1143 4427 1159 4475 3
1175 4420 1303 4477 Catullus
