2940 4912
197 330 263 394 546
577 329 689 384 LXXIII
710 336 788 384 6—6.
825 331 940 385 LXXIV
963 338 985 387 1.

196 489 323 558 notione,
349 491 407 545 scil.
435 493 465 545 et
493 491 631 560 ‘prodest'
660 494 688 546 et
713 491 869 559 ‘delectat'‚
895 491 1062 545 instructum
1089 491 1195 561 optime
1223 489 1377 561 opponitur

196 578 302 648 duplici
320 579 362 633 illi
382 580 491 634 ‘taedet
509 580 666 648 obestque’.
704 579 850 649 sicigitur
869 582 1012 634 construe:
1030 581 1132 635 fecisse
1149 579 1272 649 benigne
1291 581 1330 647 (h.
1351 598 1374 635 c.

196 670 280 735 bene,
299 671 332 723 ut
350 668 406 723 cie.
426 669 462 723 ad
481 671 547 722 sam.
568 668 633 722 XIII
653 677 696 736 61,
717 676 730 722 1
750 671 800 738 qui
821 671 952 738 plurimas
970 671 1002 724 in
1020 671 1076 725 ista
1090 671 1242 739 prouincia
1261 670 1376 740 benique

195 759 298 825 sectata
318 759 351 813 ct.
373 762 402 812 et
419 758 444 810 X
465 763 498 812 18
517 760 660 828 anulique),
679 759 763 828 plane
782 758 855 812 nihil
874 758 967 828 (Prop.
986 759 1013 812 ΙΙ
1031 766 1080 827 34,
1099 765 1134 814 30
1152 761 1195 813 uit
1212 760 1307 828 iuuat)
1325 763 1376 812 aut

198 847 323 902 delectat
341 850 391 902 aut
408 848 535 918 prodest,
555 846 622 915 quin
643 848 737 916 potius
755 849 784 900 cb
797 850 830 902 ub
842 847 957 902 inritum
971 847 1121 918 fructuque
1136 865 1233 903 careus
1247 847 1374 902 taedium

196 936 288 990 udlert
310 938 355 1005 (de
379 937 584 991 constructione
604 937 710 991 Neuius
735 935 760 989 II
783 954 809 1005 p.
829 942 893 1005 622)
916 940 948 992 et
969 936 1060 1007 magis
1085 939 1171 992 etism
1196 936 1269 1008 (scil.
1288 955 1372 1006 quarn

195 1026 304 1094 taedet)
322 1028 412 1080 nocet.
442 1027 477 1080 ad
498 1026 611 1096 ‘magis’
634 1026 805 1095 (germanice
826 1026 909 1081 ‘noch
929 1025 1033 1096 mehr’)
1053 1026 1082 1081 cl
1102 1043 1158 1081 non
1172 1029 1230 1080 tam
1246 1026 1375 1081 LXVIII·

196 1120 231 1168 30
250 1130 334 1183 quam
354 1132 395 1169 ex.
415 1133 456 1184 gr.
476 1115 558 1168 Ple⁴
578 1116 617 1169 III
639 1121 684 1181 19,
704 1122 769 1181 2,2
796 1116 835 1187 [p.
856 1116 902 1186 63]
927 1133 995 1170 cura
1018 1118 1103 1186 dapes
1125 1117 1261 1185 sequitur,
1287 1117 1375 1184 suauis

196 1206 268 1258 iuter
284 1206 385 1272 pocula
402 1205 499 1273 serpit.
536 1205 565 1258 in
584 1205 745 1259 uniuersum
765 1204 800 1259 cf.
824 1207 854 1259 et
871 1206 983 1260 Petrun.
1002 1211 1037 1259 92
1062 1207 1195 1260 neminem
1218 1205 1292 1259 ushal
1309 1205 1376 1260 boni

198 1294 288 1359 fecere
305 1299 422 1363 oportet;
441 1311 524 1364 aeque
542 1299 580 1348 est
598 1296 670 1348 enim
688 1311 721 1348 ac
739 1295 765 1348 si
782 1295 815 1347 iu
829 1300 944 1364 puteum
963 1296 1091 1349 conicias.
1122 1294 1254 1348 damnum
1273 1294 1374 1364 utpote

196 1399 255 1437 rem
270 1384 428 1452 grauiorem
446 1401 497 1438 suo
511 1383 540 1438 C.
556 1384 732 1453 persequItur
746 1384 888 1454 exemplo:
906 1415 936 1423 -
953 1382 982 1438 ὅ.
1000 1384 1036 1438 ul
1049 1383 1136 1441 mlhl.
1160 1383 1219 1438 scil.
1235 1384 1324 1438 obest.
1339 1415 1374 1423 -

197 1486 284 1539 quom
303 1485 390 1526 nemo
410 1472 535 1540 graulus
554 1486 608 1527 noc
628 1471 767 1527 acerbius
786 1474 887 1539 urget.
923 1472 1027 1542 premIt
1050 1473 1241 1542 molestasque
1259 1476 1305 1527 est
1322 1471 1373 1526 ini·

196 1561 298 1628 micns;
319 1560 380 1615 Tib.
396 1562 420 1613 II
438 1566 461 1626 1,
482 1567 515 1614 79
534 1577 600 1630 quos
617 1562 662 1615 bic
680 1563 805 1630 grauiter
822 1563 888 1616 decas
906 1569 992 1632 urget.
1023 1562 1098 1628 ‘ac.',
1116 1578 1180 1616 cum
1199 1562 1306 1616 maiore
1326 1563 1373 1615 do-

196 1650 254 1705 lore
282 1666 357 1715 me0;
390 1649 535 1719 coniungit
561 1649 662 1705 Caesar
691 1668 802 1719 quoque
828 1651 854 1703 b.
881 1669 904 1705 c.
931 1652 942 1704 I
970 1659 986 1706 5
1016 1653 1179 1720 pruat'ssr'me
1203 1652 1374 1705 acerbissime

195 1741 358 1794 decernitur.
390 1740 464 1793 ‘nec’
480 1741 545 1808 post
560 1740 666 1794 ‘nemo'
683 1757 733 1809 pro
750 1739 812 1807 ἐν,
828 1745 860 1793 ut
874 1739 964 1792 XXIII
978 1746 1022 1794 25.
1051 1745 1174 1795 ceterum
1194 1740 1248 1794 hoc
1267 1741 1373 1809 optima

194 1827 376 1897 intellegetur
398 1828 433 1882 de
458 1829 568 1882 aemulo
587 1828 739 1898 inportuno
758 1828 936 1898 maximeque
955 1828 1042 1897 auro,
1061 1845 1145 1898 quem
1163 1830 1314 1899 praecipue
1334 1830 1373 1883 in·

195 1916 273 1971 dicat
290 1936 316 1972 u.
336 1936 388 1986 sq.:
410 1948 442 1958 —
463 1917 492 1971 d.
518 1931 606 1984 quam
625 1918 713 1972 ruodo
733 1917 786 1985 qul
806 1932 853 1972 me
875 1933 967 1971 unum
987 1918 1078 1985 orsus
1100 1918 1223 1972 uulcurn
1243 1918 1372 1973 sulcum

194 2005 312 2062 habult.
351 2007 421 2074 ‘qui’
442 2023 493 2075 per
511 2008 702 2076 anastrophen
722 2007 857 2061 reiectum
876 2009 941 2076 post
961 2006 1068 2062 ‘modo’
1089 2007 1127 2074 (h.
1143 2022 1166 2060 e.
1186 2005 1266 2061 breui
1286 2010 1372 2075 ante).

196 2095 292 2149 ‘unum
311 2097 389 2162 am’,
408 2113 504 2150 uerum
526 2099 554 2151 et
573 2100 617 2152 tot
636 2095 700 2150 allis
719 2097 916 2163 antistaubcm3
938 2097 1084 2164 ‘unlaum’,
1104 2095 1196 2164 qualis
1215 2114 1267 2151 nec
1291 2114 1370 2168 repc-

194 2185 284 2240 riatur
307 2202 358 2239 nec
382 2202 514 2253 umquam
538 2188 665 2255 repertus
689 2186 739 2251 sit3
765 2186 941 2256 populariter
964 2186 1017 2240 hoc
1040 2184 1165 2240 iunctum
1189 2184 1315 2253 uidetur,
1342 2188 1374 2240 ut

196 2273 268 2331 Geli.
283 2274 372 2328 XVIII
387 2280 442 2343 Μ
462 2291 490 2329 se
507 2292 594 2328 uuam
612 2281 637 2328 ct
652 2277 765 2329 cenicum
779 2276 900 2329 tectorem
916 2292 970 2330 esse
983 2282 1220 2345 enarratoremque
1234 2276 1374 2341 Saliustii,

194 2365 278 2435 Apul.
298 2373 365 2420 met.
385 2364 422 2419 IV
441 2371 474 2418 31
495 2366 577 2434 idque
594 2382 683 2419 arram
701 2371 726 2418 et
742 2382 794 2433 pro
814 2366 939 2419 omnibus
957 2368 1078 2420 unicum.
1113 2364 1247 2433 ‘hebuit’‚
1267 2365 1372 2420 habere

196 2472 225 2509 sc
245 2453 325 2512 dixit.
362 2455 391 2508 in
410 2454 487 2509 duris
507 2452 670 2509 elisionibus
695 2454 844 2509 cumulatis
866 2454 913 2508 nix
933 2455 1141 2525 agnoscendum
1161 2458 1206 2510 est
1223 2453 1371 2509 consilium

196 2544 335 2611 quoddam
355 2547 465 2614 poetae.

707 2700 857 2756 Lm.

268 2814 295 2867 1.
324 2812 443 2869 Gellius
466 2813 604 2868 audierat
630 2815 772 2882 patruum
800 2811 964 2879 obiurgare
988 2812 1099 2868 solere.
1140 2814 1214 2868 hune
1238 2813 1370 2881 Gellium,

196 2922 278 2972 quem
298 2904 400 2958 abhinc
420 2901 530 2971 saepius
550 2902 715 2956 habebimus
731 2902 860 2967 obuium,
879 2917 913 2954 ex
928 2900 1025 2957 c.'XCI
1041 2903 1152 2957 constat
1165 2903 1251 2956 luisse
1271 2907 1371 2972 poetae

193 2995 334 3047 aeurulum
354 2993 382 3046 iu
402 3009 497 3046 amore
517 2993 633 3047 Lesbiae
652 2995 681 3046 et
700 2993 735 3047 ob
756 3008 817 3047 eam
837 3010 948 3046 causam
969 2990 1164 3062 inpugnatum.
1194 2992 1298 3047 frustra
1318 2995 1368 3047 Ca·

194 3083 281 3136 bullus
302 3082 491 3150 quaesiuerat‚
517 3083 547 3134 ut
565 3099 627 3136 eum
648 3081 701 3136 sibi
721 3081 874 3151 propitium
898 3080 1030 3135 redderet
1054 3084 1082 3135 ct
1106 3082 1227 3136 amicum
1247 3081 1371 3151 (CXVI):

194 3175 343 3240 postquam
363 3188 465 3224 uanum
486 3187 544 3224 esse
565 3173 615 3224 hoc
635 3175 766 3240 coeptum
786 3170 938 3236 intellexIt,
957 3169 1080 3236 lambos,
1099 3187 1168 3238 quos
1188 3172 1228 3225 ibi
1247 3172 1371 3226 minatus

195 3262 265 3326 erat,
284 3260 313 3312 in
332 3259 474 3313 inimicum
495 3260 589 3313 uibrat
608 3261 791 3328 trucissimos,
810 3262 908 3329 stupra
927 3277 990 3313 eum
1011 3262 1099 3313 matre
1119 3262 1148 3314 et
1162 3277 1256 3314 sorore
1276 3264 1306 3314 ct
1322 3278 1371 3330 pa·

194 3348 251 3403 brui
284 3365 368 3424 usone
401 3349 550 3403 commissa
583 3368 721 3419 porroque
754 3349 927 3405 lellationcm
961 3348 1006 3402 illi
1036 3349 1159 3404 obiciens
1185 3351 1232 3419 (cl.
1263 3349 1371 3417 LXXX,

194 3438 390 3494 LXXXVIII-
407 3438 479 3508 xcl,
504 3457 576 3508 quae
600 3441 723 3494 carmina
746 3457 801 3509 quo
830 3439 928 3493 ordine
956 3456 1015 3494 sese
1040 3440 1200 3508 exceperint
1224 3457 1276 3494 uec
1304 3439 1372 3494 licet

195 3534 272 3585 certo
291 3529 361 3584 scire
380 3546 431 3582 nec
451 3530 556 3598 refert).
594 3530 648 3584 fuit
672 3530 717 3583 hic
741 3528 848 3584 Gellius
872 3529 1037 3583 adulescens
1062 3528 1174 3597 (LXXX
1195 3535 1208 3580 1
1233 3545 1312 3583 rosea
1331 3531 1370 3582 Ia-

196 3621 290 3688 beliu);
320 3619 406 3687 unde,
436 3635 498 3672 cum
527 3636 561 3673 ex
584 3619 692 3674 ratione
721 3618 870 3688 temporis,
898 3636 954 3687 quo
978 3617 1073 3672 omnia
1097 3618 1166 3670 haec
1190 3617 1219 3670 iu
1243 3619 1370 3673 aemulos

195 3713 326 3778 poemata
345 3711 410 3762 sunt
429 3710 545 3778 scripta,
565 3725 639 3764 anno
658 3710 714 3762 sere
730 3713 763 3761 68
784 3707 829 3761 hic
844 3706 939 3776 cyclus
953 3707 991 3761 sit
1009 3705 1208 3773 uindicandas,
1229 3723 1284 3761 non
1304 3708 1371 3762 licet

194 3799 355 3854 auctoribus
382 3798 533 3852 Parthenio
553 3800 717 3867 llurctoque
741 3797 864 3866 cogitare
889 3797 923 3851 de
943 3796 1034 3851 GeIIIo
1054 3796 1210 3865 Poplicola,
1234 3795 1263 3849 in
1286 3814 1369 3865 quern

194 3907 218 3942 a.
239 3896 272 3942 56
298 3889 393 3942 Cicero
420 3888 448 3941 in
473 3889 602 3942 Sestiana
625 3892 683 3942 lam
707 3885 808 3941 acerbe
831 3890 875 3940 cst
898 3886 1038 3952 inuectus,
1061 3884 1199 3954 siquidem
1219 3884 1268 3938 ille
1296 3890 1370 3940 teste

194 3986 208 4042 ξ
230 3984 281 4031 110
304 3975 386 4030 huius
411 3976 547 4030 orationis
570 3979 625 4030 otio
649 3982 674 4030 ct
697 3976 898 4045 tranquillitate
923 3976 1088 4044 reipublicae
1113 3976 1369 4029 consenescebat

194 4068 239 4135 (cf.
261 4066 424 4121 Schwabius
444 4085 470 4134 q.
491 4064 519 4120 C.
544 4085 570 4135 p.
594 4072 642 4120 10³
658 4068 738 4135 sqq.).
779 4064 883 4119 rectius
905 4063 993 4132 igitur
1017 4061 1150 4118 Octauius
1174 4062 1369 4134 Pantagathus

118 4142 122 4148 ’
193 4156 332 4225 cogneis
349 4157 384 4209 se
403 4155 431 4211 n.
448 4154 539 4209 serra
554 4154 622 4217 siu,
641 4155 675 4209 se
694 4171 749 4224 quo
764 4153 826 4208 var.
843 4154 914 4207 uox.
932 4151 956 4204 v
973 4159 998 4217 s,
1017 4160 1027 4205 1
1048 4151 1118 4204 nass
1137 4151 1236 4205 resera
1255 4153 1289 4207 s.
1307 4153 1369 4208 cer-

194 4249 248 4300 Ir'us
267 4247 392 4300 ourrsibus
411 4247 561 4300 Iroucrabus
580 4246 617 4299 ad
631 4261 774 4299 ccnwram
787 4245 934 4310 defunctus
947 4261 1007 4296 cara
1021 4241 1187 4312 musseium
1201 4242 1322 4296 crimina
1335 4244 1369 4297 de

193 4337 265 4400 filio.
285 4338 312 4388 ln
338 4353 481 4390 rsouercem
507 4338 675 4390 corumissum
698 4341 823 4403 stuprum
847 4340 872 4387 ct
891 4332 1077 4401 parricidium
1099 4329 1259 4396 capitatum,
1283 4347 1368 4401 prope

193 4426 301 4479 mudum
326 4425 470 4493 explorata
493 4426 615 4489 baberet,
637 4440 694 4479 nou
717 4429 807 4478 tam
829 4424 867 4477 ad
888 4421 1041 4474 semim
1060 4417 1204 4486 procarru
1226 4421 1368 4488 bonum,
