2940 4912
487 328 492 337 ·
534 267 539 279 „
610 317 698 371 thv
717 323 831 373 sa-ea.
870 295 875 302 ’
1243 319 1309 384 373

133 477 170 532 ad
190 478 354 533 ‘aduenere’
375 479 409 532 ci.
429 479 489 532 LXI
510 485 551 534 37.
591 479 685 547 ‘quae’
709 480 733 534 si
752 497 807 548 quo
827 482 949 548 spectat,
969 481 1044 534 certe
1062 496 1116 534 non
1137 480 1172 534 sd
1194 480 1307 534 ‘taedis'

133 587 159 622 n
179 573 214 622 26
239 570 283 637 (ut
307 569 398 622 uoluit
415 565 530 622 Ellisius
552 567 760 624 incredibilium
782 569 1004 637 fermentator),
1029 569 1078 623 sed
1102 568 1138 623 ad
1158 567 1310 624 ‘concessit

133 657 235 712 ducere
255 657 379 727 neptem’
401 676 428 713 u.
447 664 481 712 29
502 657 640 727 pertinere
659 658 814 729 putandum
834 660 886 725 est,
905 661 938 711 nt
951 657 1000 726 qui
1014 659 1211 713 concesserunt
1224 655 1307 711 simul

135 745 315 802 constituisse
335 747 409 802 diem
428 747 589 816 nuptiarum
608 747 745 801 dicantur.
783 764 953 817 quamquem
972 747 1042 802 haec
1062 763 1173 816 quoque
1192 749 1250 800 tam
1265 748 1309 800 eet

136 837 267 890 contorta
277 836 359 902 ratio,
369 836 428 890 iure
443 853 493 890 suo
504 839 537 890 ut
546 835 721 890 LMuellerus
731 837 891 890 coniectura
900 839 1015 891 conatus
1026 835 1064 890 sit
1079 834 1234 889 subuenire.
1259 837 1306 904 qui

134 926 282 995 proposuit
298 925 388 993 ‘quoi’
405 926 451 978 uel
467 925 579 994 ‘queis'‚
594 942 711 994 qnorum
725 930 872 995 utrumque
883 929 949 995 apte
964 925 1074 981 accedit
1087 925 1123 979 ad
1135 924 1306 979 ‘aduenere’:

135 1012 195 1067 siue
210 1012 294 1067 Peleo
308 1011 368 1067 siue
383 1012 518 1067 ambobus
537 1014 697 1068 amantibus
711 1014 756 1083 (cf.
772 1033 798 1069 u.
814 1018 873 1082 sq.).
899 1046 927 1052 -
947 1013 995 1070 32.
1015 1014 1135 1069 domum
1155 1015 1306 1070 conuentu

132 1103 199 1157 tota
218 1102 395 1168 nequount
409 1102 567 1157 Thessalia
585 1103 656 1171 (siue
673 1102 768 1172 potius
782 1102 933 1175 Thesunti,
952 1119 1017 1156 nam
1036 1100 1108 1157 haec
1125 1105 1261 1172 perpetua
1276 1102 1305 1157 in

131 1193 184 1246 hoc
210 1189 335 1245 carmine
359 1191 498 1261 scriptura
517 1191 627 1247 Catullo
651 1210 706 1247 non
729 1191 841 1247 uidetur
863 1209 925 1246 esse
948 1190 1148 1246 abiudicanda:
1167 1191 1201 1246 cf.
1222 1209 1306 1261 supra

130 1300 157 1350 p.
178 1285 232 1351 62).
271 1278 415 1349 quaeritur
434 1298 505 1348 quae
524 1281 561 1335 ait
580 1282 678 1336 domus
701 1281 766 1350 illa,
789 1298 874 1350 qnam
897 1280 1060 1350 frequentat
1082 1281 1142 1335 siue
1165 1281 1303 1351 gregatim

130 1368 191 1424 adit
210 1373 348 1424 conuentu
369 1370 432 1438 (hoc
452 1372 495 1424 est
513 1371 596 1423 turba
613 1370 687 1425 festa
705 1373 735 1425 et
753 1369 915 1439 gratulandi
934 1387 1018 1424 causa
1036 1371 1176 1424 conlecta:
1201 1370 1304 1425 Paulus

130 1460 206 1513 Pesti
224 1478 250 1529 p.
266 1461 312 1527 42)
327 1459 389 1514 tota
402 1458 547 1513 Thessalia
561 1460 620 1514 siue
634 1458 796 1515 uniuersum
810 1458 887 1514 Pelei
901 1465 1031 1529 regnum3
1051 1459 1125 1527 quod
1139 1460 1184 1513 est
1197 1456 1304 1513 dictum

131 1566 195 1602 enm
213 1547 366 1617 hyperbole
385 1549 492 1616 eadem,
512 1565 567 1616 qua
585 1549 748 1613 (adnotante
762 1548 881 1618 Vulpio)
893 1548 974 1618 Prop.
990 1548 1016 1600 ll
1034 1554 1059 1614 6,
1078 1555 1094 1601 2
1113 1553 1170 1602 tota
1184 1548 1303 1603 Graecia

130 1637 159 1692 in
178 1654 208 1692 re
228 1637 314 1691 simili
333 1641 377 1692 est
395 1656 468 1691 usus.
506 1637 576 1691 nihil
596 1636 670 1691 enim
690 1637 771 1692 adest
789 1655 845 1706 quo
864 1639 973 1708 spectet
991 1653 1046 1691 uox
1064 1636 1140 1691 nuda
1154 1637 1301 1693 ‘domum'.

129 1727 160 1780 at
183 1724 208 1779 si
230 1726 376 1795 praecedit
399 1727 504 1795 ‘quoi’‚
527 1725 580 1781 hoc
604 1727 640 1780 ad
659 1730 807 1795 utrumque
827 1726 964 1781 enuntiati
985 1726 1139 1780 membrum
1158 1726 1302 1795 pertinens
1383 1792 1387 1799 Ι

129 1815 216 1870 efficit
234 1816 267 1869 ut
285 1814 483 1886 intellegamus
504 1814 591 1870 ‘Pelei
610 1816 745 1871 domum‘.
783 1816 910 1884 adquae
934 1816 991 1869 iam
1015 1815 1185 1870 accuratiore
1209 1817 1238 1868 et
1260 1815 1301 1869 rei

128 1910 157 1960 et
173 1906 228 1961 loci
243 1922 305 1960 cum
319 1905 523 1974 significatione
538 1905 658 1960 accedit:
679 1937 710 1945 —-
731 1904 779 1960 33.
798 1904 943 1974 oppletur
955 1904 1084 1959 laetanti
1099 1904 1185 1971 rogia
1199 1904 1300 1959 coetu.

128 1995 162 2049 ci.
182 1995 254 2049 Stat.
274 1994 361 2050 Theb.
382 1995 406 2047 ll
426 2000 477 2047 214
502 1993 530 2047 in
554 1995 650 2048 eadem
675 2012 704 2049 re
724 1996 794 2050 lueto
812 1996 919 2064 repulia
937 1999 1012 2050 coetu
1031 1995 1105 2049 atria
1124 1995 1299 2062 courplcatur.

127 2083 230 2138 iterum
240 2082 378 2138 laetitiam
394 2083 569 2153 persequitur
578 2102 603 2137 u.
616 2101 669 2151 sq.:
680 2116 712 2124 -
723 2082 772 2138 34.
787 2084 865 2139 dona
879 2084 984 2139 lerunt
996 2097 1070 2153 prae
1085 2098 1129 2155 se,
1144 2083 1302 2138 declarant

127 2171 238 2238 uenatu
252 2171 351 2227 uultu.
379 2172 436 2224 scil.
453 2171 479 2224 ei
493 2170 543 2240 qui
558 2176 668 2226 coetum
683 2172 814 2228 efficiunt.
838 2171 907 2228 Aen.
922 2173 961 2225 XI
976 2177 1027 2225 249
1042 2190 1156 2226 maaca
1165 2173 1298 2241 praefui·

127 2278 200 2329 mas,
214 2260 281 2315 Ilias
295 2260 344 2316 lat.
359 2267 393 2315 22
408 2262 482 2316 dorsa
495 2263 577 2315 11111111
587 2262 724 2330 praescri,
740 2260 827 2316 Lucil.
844 2261 880 2315 lv
896 2268 929 2315 26
945 2262 980 2314 Μ.
998 2267 1055 2316 tum
1068 2279 1136 2330 prae
1148 2278 1176 2316 ec
1188 2266 1301 2330 portant

127 2352 248 2420 ingentes
258 2367 365 2404 manere
375 2351 475 2418 paces:
488 2350 617 2404 manibus
626 2353 774 2418 gestantur
784 2350 857 2404 dona
867 2349 1014 2419 nuptialia.
1036 2350 1140 2418 ‘decl.’‚
1151 2349 1300 2404 manifesto

126 2438 291 2495 ostendunt:
311 2439 367 2494 Cic.
383 2439 418 2493 ad
434 2439 498 2493 fam.
514 2439 526 2491 I
541 2445 566 2507 9,
583 2445 614 2493 17
634 2455 691 2494 nors
704 2440 791 2494 solam
808 2441 898 2506 fronte
911 2444 991 2509 atum
1005 2441 1087 2494 uultu
1107 2480 1129 2494 ..
1149 2439 1300 2505 declarant,

128 2529 175 2585 sit.
194 2528 258 2583 Ital.
274 2526 339 2580 XVI
359 2533 410 2582 681
429 2530 526 2582 mentis
545 2534 660 2582 testatur
677 2529 784 2597 paedia
801 2529 891 2582 culta
907 2559 939 2568 -
955 2527 1003 2584 36.
1018 2528 1171 2584 deseritur
1186 2525 1300 2583 Cieros.

126 2617 295 2674 describitur
314 2616 512 2672 Thessalorum
537 2636 661 2671 summus
681 2618 708 2670 in
728 2634 823 2686 regem
842 2635 923 2671 snum
943 2634 1033 2684 amor,
1058 2635 1113 2687 quo
1133 2634 1166 2671 ex
1184 2615 1301 2671 remotis

126 2710 216 2762 terrae
241 2704 369 2776 partibus
388 2705 582 2759 confluxerunt
599 2705 736 2774 neglectis
756 2704 877 2775 negotiis
896 2705 1033 2761 omnihus.
1070 2707 1188 2761 debetur
1206 2710 1299 2761 summ

127 2796 233 2866 primus
262 2794 311 2849 ille
339 2795 416 2848 locus
441 2795 535 2849 Cieros
558 2793 695 2848 Meinekii
723 2795 838 2864 [uindio.
864 2794 992 2850 Strabon.
1021 2814 1048 2865 p.
1078 2797 1140 2867 161]
1169 2796 1298 2850 acumini.

126 2903 189 2939 nam
216 2884 321 2938 ‘siros’
348 2885 393 2937 uel
421 2883 531 2952 ‘syros’
556 2883 691 2937 traditum
715 2883 780 2937 Itali
803 2883 832 2936 in
853 2883 984 2952 ‘Scyros’
1013 2887 1203 2950 mutauerant;
1228 2901 1299 2952 quae

124 2973 216 3029 insula
240 2990 295 3028 non
319 2973 434 3043 paulum
457 2990 475 3026 a
493 2972 638 3027 Thessalia
657 2976 766 3028 remota
784 2992 833 3028 cur
850 2974 924 3029 inter
943 2975 1050 3029 medias
1070 2973 1151 3028 huius
1170 2973 1299 3044 regiones

126 3065 358 3119 commemoretur
377 3078 432 3115 non
451 3064 577 3131 apparet,
597 3079 687 3131 neque
706 3062 862 3118 defensioni
882 3062 987 3119 sufficit
1004 3064 1079 3133 quod
1098 3062 1185 3133 uulgo
1204 3081 1296 3119 accer-

125 3155 190 3207 sunt
213 3151 293 3221 Scyri
316 3150 423 3206 incolas
446 3149 569 3220 Dolopas
594 3169 627 3205 ex
651 3152 799 3207 Thessalia
823 3157 900 3208 ortos
918 3153 1055 3222 (Thucyd.
1075 3152 1087 3205 I
1111 3158 1160 3220 98,
1184 3153 1297 3209 Diodor.

126 3241 161 3295 lli
181 3246 227 3310 60)
250 3243 280 3297 et
302 3240 339 3295 ad
363 3255 537 3294 communem
557 3241 739 3311 Pelasgorum
758 3244 872 3311 gentem
891 3244 1077 3314 pertinentes;
1102 3243 1191 3313 magis
1211 3242 1297 3299 etiam

124 3332 249 3387 Achilles
273 3333 302 3385 et
323 3328 390 3384 aula
409 3329 575 3398 Lycomedis
598 3330 665 3385 hinc
688 3333 848 3387 abhorrent.
886 3332 1046 3387 coniectura
1065 3335 1159 3388 autem
1178 3350 1242 3387 curn
1261 3332 1298 3388 sit

124 3420 194 3474 illud
210 3420 303 3474 ‘siros'
320 3419 484 3486 sanandum,
503 3435 551 3472 cur
565 3437 621 3473 non
636 3421 840 3490 amplectamur
854 3438 924 3488 earn,
944 3438 1001 3488 qua
1014 3421 1084 3475 nihil
1099 3421 1175 3476 dubii
1191 3425 1297 3478 restat?

124 3512 166 3564 est
190 3508 265 3564 enim
290 3508 398 3574 Cieros,
426 3526 498 3577 quae
521 3511 551 3562 et
574 3507 694 3564 Cierium
720 3509 893 3580 appellatur,
921 3509 1138 3564 Thessaliotidis
1162 3512 1296 3581 oppidum

123 3597 238 3666 (Strabo
264 3599 340 3666 436),
365 3598 440 3665 quod
464 3596 531 3651 olim
556 3596 673 3653 tortasse
693 3597 786 3652 nobile
806 3600 881 3666 erat,
904 3615 977 3653 nunc
997 3614 1062 3653 sane
1082 3599 1235 3669 deperditis
1254 3601 1298 3654 tot

124 3687 227 3742 tabulis
247 3687 487 3757 monumentisque
512 3688 569 3741 iere
589 3687 717 3758 ignotum
738 3687 814 3741 latet.
842 3717 874 3727 —
900 3687 1076 3743 Phthiotica
1098 3689 1197 3756 tempe
1221 3689 1296 3743 idem

124 3775 250 3832 restituit
268 3775 424 3830 Meinelrius
443 3794 493 3845 pro
512 3776 630 3845 uulgata
650 3777 794 3846 ‘Tempe’‚
819 3793 890 3845 qnae
909 3776 1004 3846 potius
1024 3777 1149 3831 ‘Peneia'
1170 3779 1298 3834 nocenda

123 3870 203 3920 erant
221 3868 251 3920 et
269 3884 287 3920 a
306 3864 405 3934 quibus
425 3863 587 3920 Phthiotica
605 3865 682 3936 regio
707 3868 750 3920 sat
774 3865 870 3922 distat.
908 3865 1007 3935 quodsi
1022 3866 1151 3921 dixerunt
1169 3866 1294 3922 ‘Phthio-

123 3954 206 4009 ticus’
233 3955 279 4009 hic
297 3972 346 4025 pro
367 3952 566 4009 ‘Thessalicus’
587 3955 667 4025 poni,
692 3956 766 4024 quod
785 3955 856 4010 alias
875 3973 1038 4011 eoncessum
1057 3958 1101 4010 est
1118 3955 1147 4010 in
1166 3955 1220 4011 hac
1239 3960 1296 4009 tam

121 4045 254 4099 accurata
267 4041 408 4097 uariarum
419 4043 581 4098 Thessaliae
596 4043 741 4113 regionum
758 4044 938 4099 distinctione
949 4061 1003 4098 non
1014 4045 1129 4099 concedi
1140 4045 1295 4114 neglexere.

120 4134 216 4204 itaque
241 4132 375 4188 traditum
402 4132 518 4203 ‘tempe'
546 4149 597 4202 pro
621 4133 797 4202 appellatiuo
819 4133 953 4189 habentes
973 4134 1173 4203 explicabimus
1194 4133 1295 4190 ‘ualles

120 4221 311 4278 Phthioticae’
338 4221 381 4290 (ci.
407 4240 449 4277 ex.
476 4240 516 4292 gr.
542 4223 657 4277 Theocr.
680 4230 703 4288 1,
722 4230 756 4278 37
778 4218 793 4292 ἢ
819 4221 891 4277 κατὰ
911 4225 1025 4291 liuvensi
1050 4222 1121 4277 autri
1146 4222 1254 4293 τὲμπεα
1278 4219 1294 4293 ἢ

120 4308 192 4365 suad
213 4311 324 4378 Πίνδω,
344 4311 423 4366 Ouid.
444 4330 489 4365 am
509 4311 521 4364 1
543 4318 565 4379 1,
584 4318 614 4380 6,
639 4315 704 4367 niet.
725 4313 776 4366 Vll
796 4319 860 4380 371,
884 4314 948 4368 fast
969 4312 1090 4380 1er
1114 4308 1295 4369 Marklandds

119 4401 155 4457 ad
176 4399 249 4456 Stat.
274 4399 335 4454 silu.
356 4398 380 4451 V
400 4407 432 4468 3,
457 4406 518 4468 209,
537 4399 688 4470 Krieglrius
713 4400 779 4455 libri
800 4402 861 4455 ‘das
881 4401 1066 4457 thessalische
1083 4401 1198 4473 Tempe’
1220 4403 1294 4472 Lips.
