<?xml version="1.0" encoding="UTF-8"?>
<!DOCTYPE html PUBLIC "-//W3C//DTD XHTML 1.0 Transitional//EN"
    "http://www.w3.org/TR/xhtml1/DTD/xhtml1-transitional.dtd">
<html xmlns="http://www.w3.org/1999/xhtml" xml:lang="en" lang="en">
 <head>
  <title>
</title>
<meta http-equiv="Content-Type" content="text/html;charset=utf-8" />
  <meta name='ocr-system' content='tesseract 3.04.00' />
  <meta name='ocr-capabilities' content='ocr_page ocr_carea ocr_par ocr_line ocrx_word'/>
</head>
<body>
  <div class='ocr_page' id='page_1' title='image "./catulliveronens00baehgoog_0484.png"; bbox 0 0 2940 4912; ppageno 0'>
   <div class='ocr_carea' id='block_1_1' title="bbox 567 307 1338 392">
    <p class='ocr_par' dir='ltr' id='par_1_1' title="bbox 567 307 1338 392">
     <span class='ocr_line' id='line_1_1' title="bbox 567 307 1338 392; baseline 0.003 -31"><span class='ocrx_word' id='word_1_1' title='bbox 567 375 572 392; x_wconf 61' lang='lat'><strong>,</strong></span> <span class='ocrx_word' id='word_1_2' title='bbox 656 307 743 361; x_wconf 82' lang='lat' dir='ltr'><strong>uxrv</strong></span> <span class='ocrx_word' id='word_1_3' title='bbox 762 314 791 378; x_wconf 83' lang='lat' dir='ltr'><strong>s,</strong></span> <span class='ocrx_word' id='word_1_4' title='bbox 812 316 853 364; x_wconf 85' lang='grc' dir='ltr'><strong>ιο.</strong></span> <span class='ocrx_word' id='word_1_5' title='bbox 1275 312 1338 375; x_wconf 81' lang='lat'><strong>461</strong></span> 
     </span>
    </p>
   </div>
   <div class='ocr_carea' id='block_1_2' title="bbox 167 462 1362 4456">
    <p class='ocr_par' dir='ltr' id='par_1_2' title="bbox 167 462 1362 4456">
     <span class='ocr_line' id='line_1_2' title="bbox 171 462 1340 540; baseline 0.005 -21"><span class='ocrx_word' id='word_1_6' title='bbox 171 468 247 519; x_wconf 73' lang='lat' dir='ltr'><strong>strat.</strong></span> <span class='ocrx_word' id='word_1_7' title='bbox 270 472 332 520; x_wconf 75' lang='lat' dir='ltr'><strong>llo:</strong></span> <span class='ocrx_word' id='word_1_8' title='bbox 353 464 454 520; x_wconf 79' lang='grc' dir='ltr'><strong><em>Κόνων</em></strong></span> <span class='ocrx_word' id='word_1_9' title='bbox 473 462 489 518; x_wconf 89' lang='grc' dir='ltr'><strong>ὁ</strong></span> <span class='ocrx_word' id='word_1_10' title='bbox 509 464 709 538; x_wconf 79' lang='grc' dir='ltr'><strong><em>μαθηματικός</em></strong></span> <span class='ocrx_word' id='word_1_11' title='bbox 729 470 894 540; x_wconf 75' lang='grc' dir='ltr'><strong><em>Πτολεμαίῳ</em></strong></span> <span class='ocrx_word' id='word_1_12' title='bbox 915 467 1097 539; x_wconf 77' lang='grc' dir='ltr'><strong><em>χαριζόμενος</em></strong></span> <span class='ocrx_word' id='word_1_13' title='bbox 1112 473 1262 540; x_wconf 76' lang='grc' dir='ltr'><strong><em>Βερενίκης</em></strong></span> <span class='ocrx_word' id='word_1_14' title='bbox 1277 470 1340 525; x_wconf 75' lang='grc' dir='ltr'><strong><em>πλό-</em></strong></span> 
     </span>
     <span class='ocr_line' id='line_1_3' title="bbox 167 549 1339 629; baseline 0.006 -21"><span class='ocrx_word' id='word_1_15' title='bbox 167 573 259 623; x_wconf 72' lang='grc' dir='ltr'><strong><em>καμον</em></strong></span> <span class='ocrx_word' id='word_1_16' title='bbox 279 549 308 620; x_wconf 70' lang='grc' dir='ltr'><strong>ἐξ</strong></span> <span class='ocrx_word' id='word_1_17' title='bbox 327 550 416 609; x_wconf 74' lang='grc' dir='ltr'><strong><em>αὐτοῦ</em></strong></span> <span class='ocrx_word' id='word_1_18' title='bbox 437 553 571 625; x_wconf 76' lang='grc' dir='ltr'><strong><em>(λέοντος)</em></strong></span> <span class='ocrx_word' id='word_1_19' title='bbox 586 558 775 626; x_wconf 69' lang='lat' dir='ltr'><strong>assuetiores.</strong></span> <span class='ocrx_word' id='word_1_20' title='bbox 812 559 957 612; x_wconf 70' lang='grc' dir='ltr'><strong><em>τοῦτοκαὶ</em></strong></span> <span class='ocrx_word' id='word_1_21' title='bbox 972 557 1150 629; x_wconf 74' lang='grc' dir='ltr'><strong><em>Καλλίμαχός</em></strong></span> <span class='ocrx_word' id='word_1_22' title='bbox 1169 580 1225 614; x_wconf 74' lang='grc' dir='ltr'><strong>που</strong></span> <span class='ocrx_word' id='word_1_23' title='bbox 1240 560 1339 629; x_wconf 67' lang='lat' dir='ltr'><strong>oncis:</strong></span> 
     </span>
     <span class='ocr_line' id='line_1_4' title="bbox 168 636 1341 719; baseline 0.004 -21"><span class='ocrx_word' id='word_1_24' title='bbox 168 636 186 712; x_wconf 80' lang='grc' dir='ltr'><strong><em>ἦ</em></strong></span> <span class='ocrx_word' id='word_1_25' title='bbox 209 663 244 714; x_wconf 82' lang='grc' dir='ltr'><strong>με</strong></span> <span class='ocrx_word' id='word_1_26' title='bbox 263 639 364 697; x_wconf 81' lang='grc' dir='ltr'><strong><em>Κόνων</em></strong></span> <span class='ocrx_word' id='word_1_27' title='bbox 388 642 508 715; x_wconf 76' lang='grc' dir='ltr'><strong><em>ἔβλεψεν</em></strong></span> <span class='ocrx_word' id='word_1_28' title='bbox 532 640 564 698; x_wconf 78' lang='grc' dir='ltr'><strong>ἒν</strong></span> <span class='ocrx_word' id='word_1_29' title='bbox 587 640 651 713; x_wconf 78' lang='grc' dir='ltr'><strong><em>ἠέρι</em></strong></span> <span class='ocrx_word' id='word_1_30' title='bbox 673 642 723 700; x_wconf 82' lang='grc' dir='ltr'><strong>τὸν</strong></span> <span class='ocrx_word' id='word_1_31' title='bbox 743 647 894 714; x_wconf 81' lang='grc' dir='ltr'><strong><em>Βερενίκης</em></strong></span> <span class='ocrx_word' id='word_1_32' title='bbox 913 644 1079 719; x_wconf 79' lang='grc' dir='ltr'><strong><em>βόστρυχον,</em></strong></span> <span class='ocrx_word' id='word_1_33' title='bbox 1103 641 1137 700; x_wconf 85' lang='grc' dir='ltr'><strong>ὃν</strong></span> <span class='ocrx_word' id='word_1_34' title='bbox 1156 651 1236 716; x_wconf 77' lang='grc' dir='ltr'><strong><em>κείνη</em></strong></span> <span class='ocrx_word' id='word_1_35' title='bbox 1254 650 1341 703; x_wconf 75' lang='grc' dir='ltr'><strong><em>πᾶσιν</em></strong></span> 
     </span>
     <span class='ocr_line' id='line_1_5' title="bbox 169 731 1343 806; baseline 0.003 -19"><span class='ocrx_word' id='word_1_36' title='bbox 169 731 257 801; x_wconf 80' lang='grc' dir='ltr'><strong><em>ἔθηκε</em></strong></span> <span class='ocrx_word' id='word_1_37' title='bbox 290 737 381 795; x_wconf 83' lang='grc' dir='ltr'><strong><em>θεοῖς.</em></strong></span> <span class='ocrx_word' id='word_1_38' title='bbox 418 733 459 787; x_wconf 80' lang='grc' dir='ltr'><strong>εἰσ</strong></span> <span class='ocrx_word' id='word_1_39' title='bbox 486 733 562 787; x_wconf 88' lang='lat' dir='ltr'><strong>enim</strong></span> <span class='ocrx_word' id='word_1_40' title='bbox 590 735 726 804; x_wconf 90' lang='lat' dir='ltr'><strong>optimum</strong></span> <span class='ocrx_word' id='word_1_41' title='bbox 754 734 856 790; x_wconf 88' lang='lat' dir='ltr'><strong>librum</strong></span> <span class='ocrx_word' id='word_1_42' title='bbox 884 736 1057 790; x_wconf 74' lang='lat' dir='ltr'><strong>Marcianum</strong></span> <span class='ocrx_word' id='word_1_43' title='bbox 1085 738 1218 806; x_wconf 86' lang='lat' dir='ltr'><strong>praebere</strong></span> <span class='ocrx_word' id='word_1_44' title='bbox 1246 737 1343 791; x_wconf 91' lang='lat' dir='ltr'><strong>docuit</strong></span> 
     </span>
     <span class='ocr_line' id='line_1_6' title="bbox 169 821 1341 895; baseline 0.005 -21"><span class='ocrx_word' id='word_1_45' title='bbox 169 821 400 877; x_wconf 85' lang='lat' dir='ltr'><strong>Wilsmowitaius</strong></span> <span class='ocrx_word' id='word_1_46' title='bbox 416 824 521 895; x_wconf 85' lang='lat' dir='ltr'><strong>[Herm.</strong></span> <span class='ocrx_word' id='word_1_47' title='bbox 536 822 601 877; x_wconf 84' lang='lat' dir='ltr'><strong>XIV</strong></span> <span class='ocrx_word' id='word_1_48' title='bbox 615 842 642 893; x_wconf 88' lang='lat' dir='ltr'><strong>p.</strong></span> <span class='ocrx_word' id='word_1_49' title='bbox 660 825 732 895; x_wconf 68' lang='lat'><strong>199}</strong></span> <span class='ocrx_word' id='word_1_50' title='bbox 770 825 875 881; x_wconf 86' lang='lat' dir='ltr'><strong>reiecta</strong></span> <span class='ocrx_word' id='word_1_51' title='bbox 888 826 975 895; x_wconf 88' lang='lat' dir='ltr'><strong>igitur</strong></span> <span class='ocrx_word' id='word_1_52' title='bbox 989 825 1177 880; x_wconf 81' lang='lat' dir='ltr'><strong>OSchneideri</strong></span> <span class='ocrx_word' id='word_1_53' title='bbox 1192 827 1226 880; x_wconf 90' lang='lat' dir='ltr'><strong>de</strong></span> <span class='ocrx_word' id='word_1_54' title='bbox 1241 827 1341 880; x_wconf 87' lang='lat' dir='ltr'><strong>lacuna</strong></span> 
     </span>
     <span class='ocr_line' id='line_1_7' title="bbox 168 911 1342 984; baseline 0.003 -20"><span class='ocrx_word' id='word_1_55' title='bbox 168 911 318 979; x_wconf 72' lang='lat' dir='ltr'><strong>cogitantis</strong></span> <span class='ocrx_word' id='word_1_56' title='bbox 346 911 477 981; x_wconf 91' lang='lat' dir='ltr'><strong>opinione</strong></span> <span class='ocrx_word' id='word_1_57' title='bbox 504 913 713 981; x_wconf 89' lang='lat' dir='ltr'><strong>agnoscendum</strong></span> <span class='ocrx_word' id='word_1_58' title='bbox 742 915 797 981; x_wconf 89' lang='lat' dir='ltr'><strong>est,</strong></span> <span class='ocrx_word' id='word_1_59' title='bbox 825 912 966 967; x_wconf 88' lang='lat' dir='ltr'><strong>Catullum</strong></span> <span class='ocrx_word' id='word_1_60' title='bbox 995 914 1160 984; x_wconf 86' lang='lat' dir='ltr'><strong>exemplaris</strong></span> <span class='ocrx_word' id='word_1_61' title='bbox 1189 915 1233 967; x_wconf 91' lang='lat' dir='ltr'><strong>sui</strong></span> <span class='ocrx_word' id='word_1_62' title='bbox 1256 915 1342 968; x_wconf 90' lang='lat' dir='ltr'><strong>uerba</strong></span> 
     </span>
     <span class='ocr_line' id='line_1_8' title="bbox 168 990 1341 1072; baseline 0.001 -19"><span class='ocrx_word' id='word_1_63' title='bbox 168 990 300 1055; x_wconf 86' lang='lat' dir='ltr'><strong>dilatasse</strong></span> <span class='ocrx_word' id='word_1_64' title='bbox 323 1001 467 1055; x_wconf 89' lang='lat' dir='ltr'><strong>uertendo.</strong></span> <span class='ocrx_word' id='word_1_65' title='bbox 506 1001 580 1068; x_wconf 90' lang='lat' dir='ltr'><strong>quod</strong></span> <span class='ocrx_word' id='word_1_66' title='bbox 603 1001 724 1056; x_wconf 90' lang='lat' dir='ltr'><strong>maxime</strong></span> <span class='ocrx_word' id='word_1_67' title='bbox 743 1007 861 1071; x_wconf 87' lang='lat' dir='ltr'><strong>apparet</strong></span> <span class='ocrx_word' id='word_1_68' title='bbox 880 1002 978 1057; x_wconf 90' lang='lat' dir='ltr'><strong>inille</strong></span> <span class='ocrx_word' id='word_1_69' title='bbox 998 998 1029 1056; x_wconf 77' lang='lat' dir='ltr'><strong>is</strong></span> <span class='ocrx_word' id='word_1_70' title='bbox 1051 998 1119 1072; x_wconf 75' lang='grc' dir='ltr'><strong><em>ἠέρι.</em></strong></span> <span class='ocrx_word' id='word_1_71' title='bbox 1158 1001 1204 1056; x_wconf 90' lang='lat' dir='ltr'><strong>hic</strong></span> <span class='ocrx_word' id='word_1_72' title='bbox 1223 1003 1296 1057; x_wconf 91' lang='lat' dir='ltr'><strong>enim</strong></span> <span class='ocrx_word' id='word_1_73' title='bbox 1317 1003 1341 1055; x_wconf 91' lang='lat' dir='ltr'><strong>si</strong></span> 
     </span>
     <span class='ocr_line' id='line_1_9' title="bbox 169 1089 1342 1159; baseline 0.002 -17"><span class='ocrx_word' id='word_1_74' title='bbox 169 1090 197 1142; x_wconf 93' lang='lat' dir='ltr'><strong>in</strong></span> <span class='ocrx_word' id='word_1_75' title='bbox 221 1089 307 1144; x_wconf 84' lang='lat' dir='ltr'><strong>‘aere&#39;</strong></span> <span class='ocrx_word' id='word_1_76' title='bbox 333 1090 472 1159; x_wconf 72' lang='lat' dir='ltr'><strong>posuisset</strong></span> <span class='ocrx_word' id='word_1_77' title='bbox 494 1094 601 1157; x_wconf 89' lang='lat' dir='ltr'><strong>noster,</strong></span> <span class='ocrx_word' id='word_1_78' title='bbox 625 1109 691 1145; x_wconf 91' lang='lat' dir='ltr'><strong>num</strong></span> <span class='ocrx_word' id='word_1_79' title='bbox 711 1091 788 1144; x_wconf 50' lang='lat' dir='ltr'><strong>¹forte</strong></span> <span class='ocrx_word' id='word_1_80' title='bbox 812 1092 966 1146; x_wconf 90' lang='lat' dir='ltr'><strong>nubeculae</strong></span> <span class='ocrx_word' id='word_1_81' title='bbox 989 1091 1079 1146; x_wconf 82' lang='lat' dir='ltr'><strong>instar</strong></span> <span class='ocrx_word' id='word_1_82' title='bbox 1104 1092 1238 1146; x_wconf 88' lang='lat' dir='ltr'><strong>uolitaret</strong></span> <span class='ocrx_word' id='word_1_83' title='bbox 1261 1108 1342 1146; x_wconf 90' lang='lat' dir='ltr'><strong>coma</strong></span> 
     </span>
     <span class='ocr_line' id='line_1_10' title="bbox 169 1177 1342 1251; baseline 0.001 -19"><span class='ocrx_word' id='word_1_84' title='bbox 169 1177 375 1246; x_wconf 87' lang='lat' dir='ltr'><strong>quaesiuissent</strong></span> <span class='ocrx_word' id='word_1_85' title='bbox 392 1180 550 1249; x_wconf 87' lang='lat' dir='ltr'><strong>populares.</strong></span> <span class='ocrx_word' id='word_1_86' title='bbox 586 1180 793 1250; x_wconf 90' lang='lat' dir='ltr'><strong>neglegendum</strong></span> <span class='ocrx_word' id='word_1_87' title='bbox 812 1180 899 1251; x_wconf 89' lang='lat' dir='ltr'><strong>igitur</strong></span> <span class='ocrx_word' id='word_1_88' title='bbox 913 1184 974 1235; x_wconf 89' lang='lat' dir='ltr'><strong>erat</strong></span> <span class='ocrx_word' id='word_1_89' title='bbox 988 1181 1137 1235; x_wconf 87' lang='lat' dir='ltr'><strong>discrimen</strong></span> <span class='ocrx_word' id='word_1_90' title='bbox 1151 1181 1254 1235; x_wconf 83' lang='lat' dir='ltr'><strong>subtile</strong></span> <span class='ocrx_word' id='word_1_91' title='bbox 1268 1181 1342 1234; x_wconf 88' lang='lat' dir='ltr'><strong>inter</strong></span> 
     </span>
     <span class='ocr_line' id='line_1_11' title="bbox 170 1264 1341 1338; baseline 0.001 -16"><span class='ocrx_word' id='word_1_92' title='bbox 170 1264 259 1336; x_wconf 78' lang='grc' dir='ltr'><strong><em>αἰθήρ</em></strong></span> <span class='ocrx_word' id='word_1_93' title='bbox 279 1272 308 1323; x_wconf 91' lang='lat' dir='ltr'><strong>et</strong></span> <span class='ocrx_word' id='word_1_94' title='bbox 326 1264 382 1336; x_wconf 71' lang='grc' dir='ltr'><strong><em>ἀήρ</em></strong></span> <span class='ocrx_word' id='word_1_95' title='bbox 401 1268 437 1322; x_wconf 90' lang='lat' dir='ltr'><strong>ab</strong></span> <span class='ocrx_word' id='word_1_96' title='bbox 455 1268 650 1323; x_wconf 80' lang='lat' dir='ltr'><strong>Alexandrinis</strong></span> <span class='ocrx_word' id='word_1_97' title='bbox 669 1267 776 1322; x_wconf 89' lang='lat' dir='ltr'><strong>factum</strong></span> <span class='ocrx_word' id='word_1_98' title='bbox 795 1268 1051 1338; x_wconf 85' lang='lat' dir='ltr'><strong>consulendumque</strong></span> <span class='ocrx_word' id='word_1_99' title='bbox 1065 1269 1209 1323; x_wconf 83' lang='lat' dir='ltr'><strong>Romanae</strong></span> <span class='ocrx_word' id='word_1_100' title='bbox 1229 1285 1341 1324; x_wconf 90' lang='lat' dir='ltr'><strong>consue-</strong></span> 
     </span>
     <span class='ocr_line' id='line_1_12' title="bbox 170 1356 1339 1428; baseline 0.001 -16"><span class='ocrx_word' id='word_1_101' title='bbox 170 1358 268 1412; x_wconf 90' lang='lat' dir='ltr'><strong>tudiui.</strong></span> <span class='ocrx_word' id='word_1_102' title='bbox 305 1357 354 1412; x_wconf 85' lang='lat' dir='ltr'><strong>sed</strong></span> <span class='ocrx_word' id='word_1_103' title='bbox 379 1357 447 1426; x_wconf 90' lang='lat' dir='ltr'><strong>quid</strong></span> <span class='ocrx_word' id='word_1_104' title='bbox 470 1356 581 1413; x_wconf 85' lang='lat' dir='ltr'><strong>dederit</strong></span> <span class='ocrx_word' id='word_1_105' title='bbox 601 1359 709 1422; x_wconf 89' lang='lat' dir='ltr'><strong>noster,</strong></span> <span class='ocrx_word' id='word_1_106' title='bbox 734 1374 800 1413; x_wconf 91' lang='lat' dir='ltr'><strong>casn</strong></span> <span class='ocrx_word' id='word_1_107' title='bbox 823 1357 930 1413; x_wconf 88' lang='lat' dir='ltr'><strong>infelici</strong></span> <span class='ocrx_word' id='word_1_108' title='bbox 954 1358 1005 1413; x_wconf 89' lang='lat' dir='ltr'><strong>sub</strong></span> <span class='ocrx_word' id='word_1_109' title='bbox 1025 1359 1185 1428; x_wconf 86' lang='lat' dir='ltr'><strong>corruptela</strong></span> <span class='ocrx_word' id='word_1_110' title='bbox 1204 1358 1339 1413; x_wconf 79' lang='lat' dir='ltr'><strong>‘nurnine&#39;</strong></span> 
     </span>
     <span class='ocr_line' id='line_1_13' title="bbox 169 1446 1342 1517; baseline 0.001 -17"><span class='ocrx_word' id='word_1_111' title='bbox 169 1447 246 1502; x_wconf 87' lang='lat' dir='ltr'><strong>latet.</strong></span> <span class='ocrx_word' id='word_1_112' title='bbox 289 1446 358 1500; x_wconf 91' lang='lat' dir='ltr'><strong>licet</strong></span> <span class='ocrx_word' id='word_1_113' title='bbox 385 1446 459 1500; x_wconf 89' lang='lat' dir='ltr'><strong>enim</strong></span> <span class='ocrx_word' id='word_1_114' title='bbox 484 1447 539 1502; x_wconf 93' lang='lat' dir='ltr'><strong>hoc</strong></span> <span class='ocrx_word' id='word_1_115' title='bbox 561 1463 612 1517; x_wconf 90' lang='lat' dir='ltr'><strong>per</strong></span> <span class='ocrx_word' id='word_1_116' title='bbox 635 1463 664 1501; x_wconf 91' lang='lat' dir='ltr'><strong>se</strong></span> <span class='ocrx_word' id='word_1_117' title='bbox 687 1447 783 1515; x_wconf 87' lang='lat' dir='ltr'><strong>aliquo</strong></span> <span class='ocrx_word' id='word_1_118' title='bbox 806 1448 889 1502; x_wconf 90' lang='lat' dir='ltr'><strong>modo</strong></span> <span class='ocrx_word' id='word_1_119' title='bbox 913 1451 987 1502; x_wconf 90' lang='lat' dir='ltr'><strong>stare</strong></span> <span class='ocrx_word' id='word_1_120' title='bbox 1011 1447 1102 1517; x_wconf 84' lang='lat' dir='ltr'><strong>possit</strong></span> <span class='ocrx_word' id='word_1_121' title='bbox 1125 1449 1200 1516; x_wconf 85' lang='lat' dir='ltr'><strong>(nam</strong></span> <span class='ocrx_word' id='word_1_122' title='bbox 1224 1446 1342 1502; x_wconf 84' lang='lat' dir='ltr'><strong>Veneris</strong></span> 
     </span>
     <span class='ocr_line' id='line_1_14' title="bbox 168 1535 1342 1606; baseline 0.002 -18"><span class='ocrx_word' id='word_1_123' title='bbox 168 1535 246 1589; x_wconf 90' lang='lat' dir='ltr'><strong>iussn</strong></span> <span class='ocrx_word' id='word_1_124' title='bbox 264 1552 344 1590; x_wconf 86' lang='lat' dir='ltr'><strong>corna</strong></span> <span class='ocrx_word' id='word_1_125' title='bbox 362 1536 392 1590; x_wconf 92' lang='lat' dir='ltr'><strong>in</strong></span> <span class='ocrx_word' id='word_1_126' title='bbox 410 1537 488 1591; x_wconf 90' lang='lat' dir='ltr'><strong>caelo</strong></span> <span class='ocrx_word' id='word_1_127' title='bbox 507 1536 595 1602; x_wconf 86' lang='lat' dir='ltr'><strong>fulsit,</strong></span> <span class='ocrx_word' id='word_1_128' title='bbox 613 1556 639 1591; x_wconf 91' lang='lat' dir='ltr'><strong>u.</strong></span> <span class='ocrx_word' id='word_1_129' title='bbox 660 1539 714 1606; x_wconf 80' lang='lat'><strong>64),</strong></span> <span class='ocrx_word' id='word_1_130' title='bbox 733 1539 829 1592; x_wconf 87' lang='lat' dir='ltr'><strong>tamen</strong></span> <span class='ocrx_word' id='word_1_131' title='bbox 848 1554 899 1592; x_wconf 89' lang='lat' dir='ltr'><strong>nec</strong></span> <span class='ocrx_word' id='word_1_132' title='bbox 917 1538 971 1592; x_wconf 89' lang='lat' dir='ltr'><strong>hoe</strong></span> <span class='ocrx_word' id='word_1_133' title='bbox 989 1537 1052 1591; x_wconf 92' lang='lat' dir='ltr'><strong>loco</strong></span> <span class='ocrx_word' id='word_1_134' title='bbox 1066 1536 1095 1590; x_wconf 92' lang='lat' dir='ltr'><strong>id</strong></span> <span class='ocrx_word' id='word_1_135' title='bbox 1109 1538 1171 1590; x_wconf 88' lang='lat' dir='ltr'><strong>erat</strong></span> <span class='ocrx_word' id='word_1_136' title='bbox 1184 1551 1342 1590; x_wconf 90' lang='lat' dir='ltr'><strong>conmemo-</strong></span> 
     </span>
     <span class='ocr_line' id='line_1_15' title="bbox 169 1624 1343 1682; baseline 0.001 -4"><span class='ocrx_word' id='word_1_137' title='bbox 169 1626 285 1679; x_wconf 88' lang='lat' dir='ltr'><strong>randum</strong></span> <span class='ocrx_word' id='word_1_138' title='bbox 311 1627 340 1678; x_wconf 91' lang='lat' dir='ltr'><strong>et</strong></span> <span class='ocrx_word' id='word_1_139' title='bbox 360 1625 416 1681; x_wconf 90' lang='lat' dir='ltr'><strong>alio</strong></span> <span class='ocrx_word' id='word_1_140' title='bbox 435 1625 514 1680; x_wconf 92' lang='lat' dir='ltr'><strong>ducit</strong></span> <span class='ocrx_word' id='word_1_141' title='bbox 531 1626 727 1682; x_wconf 84' lang='lat' dir='ltr'><strong>Callimachus.</strong></span> <span class='ocrx_word' id='word_1_142' title='bbox 767 1627 904 1682; x_wconf 88' lang='lat' dir='ltr'><strong>‘munere&#39;</strong></span> <span class='ocrx_word' id='word_1_143' title='bbox 925 1644 980 1680; x_wconf 94' lang='lat' dir='ltr'><strong>non</strong></span> <span class='ocrx_word' id='word_1_144' title='bbox 1000 1625 1099 1680; x_wconf 89' lang='lat' dir='ltr'><strong>melius</strong></span> <span class='ocrx_word' id='word_1_145' title='bbox 1118 1625 1185 1679; x_wconf 90' lang='lat' dir='ltr'><strong>olim</strong></span> <span class='ocrx_word' id='word_1_146' title='bbox 1205 1624 1343 1680; x_wconf 87' lang='lat' dir='ltr'><strong>dederunt</strong></span> 
     </span>
     <span class='ocr_line' id='line_1_16' title="bbox 168 1712 1341 1785; baseline 0.002 -17"><span class='ocrx_word' id='word_1_147' title='bbox 168 1715 253 1784; x_wconf 89' lang='lat' dir='ltr'><strong>prisci</strong></span> <span class='ocrx_word' id='word_1_148' title='bbox 272 1712 401 1782; x_wconf 85' lang='lat' dir='ltr'><strong>editores,</strong></span> <span class='ocrx_word' id='word_1_149' title='bbox 422 1715 550 1770; x_wconf 81' lang='lat' dir='ltr'><strong>‘lumine&#39;</strong></span> <span class='ocrx_word' id='word_1_150' title='bbox 569 1715 712 1782; x_wconf 86' lang='lat' dir='ltr'><strong>Cautems,</strong></span> <span class='ocrx_word' id='word_1_151' title='bbox 732 1716 851 1771; x_wconf 78' lang='lat' dir='ltr'><strong>‘limine’</strong></span> <span class='ocrx_word' id='word_1_152' title='bbox 872 1715 1011 1783; x_wconf 84' lang='lat' dir='ltr'><strong>Heinsius,</strong></span> <span class='ocrx_word' id='word_1_153' title='bbox 1032 1713 1144 1768; x_wconf 81' lang='lat' dir='ltr'><strong>‘limite‘</strong></span> <span class='ocrx_word' id='word_1_154' title='bbox 1160 1715 1341 1785; x_wconf 82' lang='lat' dir='ltr'><strong>Doeringius3</strong></span> 
     </span>
     <span class='ocr_line' id='line_1_17' title="bbox 169 1802 1342 1874; baseline 0.002 -17"><span class='ocrx_word' id='word_1_155' title='bbox 169 1804 217 1857; x_wconf 92' lang='lat' dir='ltr'><strong>sed</strong></span> <span class='ocrx_word' id='word_1_156' title='bbox 236 1802 473 1874; x_wconf 77' lang='lat' dir='ltr'><strong>praepositionem</strong></span> <span class='ocrx_word' id='word_1_157' title='bbox 491 1808 566 1860; x_wconf 88' lang='lat' dir='ltr'><strong>reete</strong></span> <span class='ocrx_word' id='word_1_158' title='bbox 581 1805 725 1874; x_wconf 90' lang='lat' dir='ltr'><strong>requirens</strong></span> <span class='ocrx_word' id='word_1_159' title='bbox 739 1805 870 1860; x_wconf 89' lang='lat' dir='ltr'><strong>lVossins</strong></span> <span class='ocrx_word' id='word_1_160' title='bbox 885 1805 924 1859; x_wconf 84' lang='lat' dir='ltr'><strong>‘in</strong></span> <span class='ocrx_word' id='word_1_161' title='bbox 939 1803 1056 1859; x_wconf 88' lang='lat' dir='ltr'><strong>lumine’</strong></span> <span class='ocrx_word' id='word_1_162' title='bbox 1073 1802 1181 1870; x_wconf 88' lang='lat' dir='ltr'><strong>maluit,</strong></span> <span class='ocrx_word' id='word_1_163' title='bbox 1201 1821 1254 1872; x_wconf 90' lang='lat' dir='ltr'><strong>ego</strong></span> <span class='ocrx_word' id='word_1_164' title='bbox 1268 1822 1342 1859; x_wconf 92' lang='lat' dir='ltr'><strong>nnnc</strong></span> 
     </span>
     <span class='ocr_line' id='line_1_18' title="bbox 170 1892 1343 1964; baseline 0 -18"><span class='ocrx_word' id='word_1_165' title='bbox 170 1892 306 1962; x_wconf 79' lang='lat' dir='ltr'><strong>praefero,</strong></span> <span class='ocrx_word' id='word_1_166' title='bbox 324 1894 457 1963; x_wconf 89' lang='lat' dir='ltr'><strong>quoniam</strong></span> <span class='ocrx_word' id='word_1_167' title='bbox 476 1910 532 1948; x_wconf 92' lang='lat' dir='ltr'><strong>non</strong></span> <span class='ocrx_word' id='word_1_168' title='bbox 551 1893 649 1960; x_wconf 76' lang='grc' dir='ltr'><strong><em>αἰθέρι</em></strong></span> <span class='ocrx_word' id='word_1_169' title='bbox 668 1899 714 1964; x_wconf 68' lang='grc' dir='ltr'><strong>(ει</strong></span> <span class='ocrx_word' id='word_1_170' title='bbox 732 1894 850 1964; x_wconf 90' lang='lat' dir='ltr'><strong>lumine)</strong></span> <span class='ocrx_word' id='word_1_171' title='bbox 870 1892 975 1964; x_wconf 89' lang='lat' dir='ltr'><strong>legitur</strong></span> <span class='ocrx_word' id='word_1_172' title='bbox 992 1909 1101 1963; x_wconf 87' lang='lat' dir='ltr'><strong>graece,</strong></span> <span class='ocrx_word' id='word_1_173' title='bbox 1122 1892 1153 1946; x_wconf 81' lang='lat' dir='ltr'><strong>‘i’</strong></span> <span class='ocrx_word' id='word_1_174' title='bbox 1174 1892 1296 1961; x_wconf 82' lang='lat' dir='ltr'><strong>repetita</strong></span> <span class='ocrx_word' id='word_1_175' title='bbox 1314 1897 1343 1947; x_wconf 90' lang='lat' dir='ltr'><strong>et</strong></span> 
     </span>
     <span class='ocr_line' id='line_1_19' title="bbox 170 1980 1341 2051; baseline 0.001 -18"><span class='ocrx_word' id='word_1_176' title='bbox 170 1980 211 2033; x_wconf 79' lang='lat' dir='ltr'><strong>‘n’</strong></span> <span class='ocrx_word' id='word_1_177' title='bbox 231 1983 260 2036; x_wconf 92' lang='lat' dir='ltr'><strong>in</strong></span> <span class='ocrx_word' id='word_1_178' title='bbox 276 1981 320 2036; x_wconf 81' lang='lat' dir='ltr'><strong>‘li’</strong></span> <span class='ocrx_word' id='word_1_179' title='bbox 341 1984 451 2037; x_wconf 81' lang='lat' dir='ltr'><strong>mutata</strong></span> <span class='ocrx_word' id='word_1_180' title='bbox 468 1998 603 2051; x_wconf 87' lang='lat' dir='ltr'><strong>reponere</strong></span> <span class='ocrx_word' id='word_1_181' title='bbox 618 1982 746 2037; x_wconf 80' lang='lat' dir='ltr'><strong>‘caelesti</strong></span> <span class='ocrx_word' id='word_1_182' title='bbox 764 1983 793 2037; x_wconf 92' lang='lat' dir='ltr'><strong>in</strong></span> <span class='ocrx_word' id='word_1_183' title='bbox 811 1982 935 2050; x_wconf 90' lang='lat' dir='ltr'><strong>limine’,</strong></span> <span class='ocrx_word' id='word_1_184' title='bbox 954 1981 1092 2050; x_wconf 91' lang='lat' dir='ltr'><strong>siquidem</strong></span> <span class='ocrx_word' id='word_1_185' title='bbox 1113 1981 1184 2035; x_wconf 82' lang='lat' dir='ltr'><strong>‘aer&#39;</strong></span> <span class='ocrx_word' id='word_1_186' title='bbox 1205 1997 1238 2035; x_wconf 87' lang='lat' dir='ltr'><strong>ex</strong></span> <span class='ocrx_word' id='word_1_187' title='bbox 1257 1997 1341 2036; x_wconf 88' lang='lat' dir='ltr'><strong>sensu</strong></span> 
     </span>
     <span class='ocr_line' id='line_1_20' title="bbox 169 2069 1341 2142; baseline 0.003 -20"><span class='ocrx_word' id='word_1_188' title='bbox 169 2069 420 2142; x_wconf 83' lang='lat' dir='ltr'><strong>Alexandrinorum</strong></span> <span class='ocrx_word' id='word_1_189' title='bbox 444 2071 482 2125; x_wconf 89' lang='lat' dir='ltr'><strong>sie</strong></span> <span class='ocrx_word' id='word_1_190' title='bbox 505 2072 539 2125; x_wconf 88' lang='lat' dir='ltr'><strong>nt</strong></span> <span class='ocrx_word' id='word_1_191' title='bbox 560 2070 629 2126; x_wconf 90' lang='lat' dir='ltr'><strong>mihi</strong></span> <span class='ocrx_word' id='word_1_192' title='bbox 654 2070 765 2127; x_wconf 89' lang='lat' dir='ltr'><strong>uidetur</strong></span> <span class='ocrx_word' id='word_1_193' title='bbox 788 2071 1022 2140; x_wconf 75' lang='lat' dir='ltr'><strong>distinguentium</strong></span> <span class='ocrx_word' id='word_1_194' title='bbox 1040 2071 1116 2124; x_wconf 89' lang='lat' dir='ltr'><strong>recte</strong></span> <span class='ocrx_word' id='word_1_195' title='bbox 1135 2070 1238 2125; x_wconf 87' lang='lat' dir='ltr'><strong>dicitur</strong></span> <span class='ocrx_word' id='word_1_196' title='bbox 1257 2071 1341 2125; x_wconf 81' lang='lat' dir='ltr'><strong>‘caeli</strong></span> 
     </span>
     <span class='ocr_line' id='line_1_21' title="bbox 168 2159 1342 2231; baseline -0.001 -16"><span class='ocrx_word' id='word_1_197' title='bbox 168 2160 276 2229; x_wconf 90' lang='lat' dir='ltr'><strong>limen’,</strong></span> <span class='ocrx_word' id='word_1_198' title='bbox 295 2160 324 2214; x_wconf 92' lang='lat' dir='ltr'><strong>in</strong></span> <span class='ocrx_word' id='word_1_199' title='bbox 344 2177 399 2228; x_wconf 91' lang='lat' dir='ltr'><strong>qno</strong></span> <span class='ocrx_word' id='word_1_200' title='bbox 418 2159 616 2230; x_wconf 65' lang='lat' dir='ltr'><strong>intercludens</strong></span> <span class='ocrx_word' id='word_1_201' title='bbox 635 2160 694 2215; x_wconf 91' lang='lat' dir='ltr'><strong>sine</strong></span> <span class='ocrx_word' id='word_1_202' title='bbox 714 2177 792 2216; x_wconf 88' lang='lat' dir='ltr'><strong>arces</strong></span> <span class='ocrx_word' id='word_1_203' title='bbox 810 2161 907 2231; x_wconf 87' lang='lat' dir='ltr'><strong>igneas</strong></span> <span class='ocrx_word' id='word_1_204' title='bbox 926 2160 1041 2215; x_wconf 92' lang='lat' dir='ltr'><strong>deorum</strong></span> <span class='ocrx_word' id='word_1_205' title='bbox 1055 2160 1086 2213; x_wconf 91' lang='lat' dir='ltr'><strong>et</strong></span> <span class='ocrx_word' id='word_1_206' title='bbox 1100 2175 1166 2213; x_wconf 88' lang='lat' dir='ltr'><strong>aera</strong></span> <span class='ocrx_word' id='word_1_207' title='bbox 1179 2159 1342 2214; x_wconf 88' lang='lat' dir='ltr'><strong>crassiorem</strong></span> 
     </span>
     <span class='ocr_line' id='line_1_22' title="bbox 169 2248 1342 2320; baseline -0.001 -16"><span class='ocrx_word' id='word_1_208' title='bbox 169 2250 229 2304; x_wconf 89' lang='lat' dir='ltr'><strong>siue</strong></span> <span class='ocrx_word' id='word_1_209' title='bbox 256 2250 345 2304; x_wconf 89' lang='lat' dir='ltr'><strong>nubes</strong></span> <span class='ocrx_word' id='word_1_210' title='bbox 372 2250 465 2320; x_wconf 86' lang='lat' dir='ltr'><strong>positu</strong></span> <span class='ocrx_word' id='word_1_211' title='bbox 492 2251 559 2304; x_wconf 89' lang='lat' dir='ltr'><strong>sunt</strong></span> <span class='ocrx_word' id='word_1_212' title='bbox 584 2254 736 2319; x_wconf 88' lang='lat' dir='ltr'><strong>meantqne</strong></span> <span class='ocrx_word' id='word_1_213' title='bbox 760 2250 860 2304; x_wconf 88' lang='lat' dir='ltr'><strong>sidera.</strong></span> <span class='ocrx_word' id='word_1_214' title='bbox 901 2248 981 2304; x_wconf 84' lang='lat' dir='ltr'><strong>Lucr.</strong></span> <span class='ocrx_word' id='word_1_215' title='bbox 1005 2249 1043 2302; x_wconf 90' lang='lat' dir='ltr'><strong>1v</strong></span> <span class='ocrx_word' id='word_1_216' title='bbox 1069 2255 1119 2302; x_wconf 78' lang='lat'><strong>132</strong></span> <span class='ocrx_word' id='word_1_217' title='bbox 1142 2250 1175 2302; x_wconf 82' lang='lat' dir='ltr'><strong>in</strong></span> <span class='ocrx_word' id='word_1_218' title='bbox 1197 2250 1247 2303; x_wconf 79' lang='lat' dir='ltr'><strong>hoc</strong></span> <span class='ocrx_word' id='word_1_219' title='bbox 1269 2251 1342 2304; x_wconf 84' lang='lat' dir='ltr'><strong>caelo</strong></span> 
     </span>
     <span class='ocr_line' id='line_1_23' title="bbox 169 2337 1342 2409; baseline -0.001 -16"><span class='ocrx_word' id='word_1_220' title='bbox 169 2342 213 2407; x_wconf 72' lang='lat' dir='ltr'><strong>(a</strong></span> <span class='ocrx_word' id='word_1_221' title='bbox 233 2339 305 2394; x_wconf 85' lang='lat' dir='ltr'><strong>caeli</strong></span> <span class='ocrx_word' id='word_1_222' title='bbox 322 2340 427 2409; x_wconf 90' lang='lat' dir='ltr'><strong>parte),</strong></span> <span class='ocrx_word' id='word_1_223' title='bbox 445 2340 495 2408; x_wconf 78' lang='lat' dir='ltr'><strong>qui</strong></span> <span class='ocrx_word' id='word_1_224' title='bbox 512 2339 617 2393; x_wconf 79' lang='lat' dir='ltr'><strong>dicitur</strong></span> <span class='ocrx_word' id='word_1_225' title='bbox 634 2357 691 2407; x_wconf 85' lang='lat' dir='ltr'><strong>aer,</strong></span> <span class='ocrx_word' id='word_1_226' title='bbox 711 2337 793 2408; x_wconf 90' lang='lat' dir='ltr'><strong>Verg.</strong></span> <span class='ocrx_word' id='word_1_227' title='bbox 814 2339 865 2395; x_wconf 91' lang='lat' dir='ltr'><strong>ecl.</strong></span> <span class='ocrx_word' id='word_1_228' title='bbox 884 2345 909 2407; x_wconf 76' lang='grc' dir='ltr'><strong>ὁ,</strong></span> <span class='ocrx_word' id='word_1_229' title='bbox 929 2345 963 2393; x_wconf 83' lang='lat'><strong>56</strong></span> <span class='ocrx_word' id='word_1_230' title='bbox 983 2338 1065 2393; x_wconf 84' lang='lat' dir='ltr'><strong>limen</strong></span> <span class='ocrx_word' id='word_1_231' title='bbox 1086 2339 1203 2408; x_wconf 79' lang='lat' dir='ltr'><strong>Olympi.</strong></span> <span class='ocrx_word' id='word_1_232' title='bbox 1240 2337 1342 2393; x_wconf 91' lang='lat' dir='ltr'><strong>deinde</strong></span> 
     </span>
     <span class='ocr_line' id='line_1_24' title="bbox 168 2424 1343 2500; baseline 0 -18"><span class='ocrx_word' id='word_1_233' title='bbox 168 2424 218 2482; x_wconf 79' lang='grc' dir='ltr'><strong>τὸν</strong></span> <span class='ocrx_word' id='word_1_234' title='bbox 242 2425 394 2500; x_wconf 76' lang='grc' dir='ltr'><strong><em>βόστρυχον</em></strong></span> <span class='ocrx_word' id='word_1_235' title='bbox 419 2427 545 2484; x_wconf 85' lang='lat' dir='ltr'><strong>Catullus</strong></span> <span class='ocrx_word' id='word_1_236' title='bbox 568 2427 684 2483; x_wconf 90' lang='lat' dir='ltr'><strong>liberius</strong></span> <span class='ocrx_word' id='word_1_237' title='bbox 706 2428 748 2483; x_wconf 88' lang='lat' dir='ltr'><strong>ita</strong></span> <span class='ocrx_word' id='word_1_238' title='bbox 771 2429 870 2496; x_wconf 90' lang='lat' dir='ltr'><strong>uertit,</strong></span> <span class='ocrx_word' id='word_1_239' title='bbox 894 2431 927 2483; x_wconf 88' lang='lat' dir='ltr'><strong>nt</strong></span> <span class='ocrx_word' id='word_1_240' title='bbox 949 2427 1034 2482; x_wconf 89' lang='lat' dir='ltr'><strong>simul</strong></span> <span class='ocrx_word' id='word_1_241' title='bbox 1050 2427 1212 2497; x_wconf 82' lang='lat' dir='ltr'><strong>interpretis</strong></span> <span class='ocrx_word' id='word_1_242' title='bbox 1230 2444 1343 2483; x_wconf 90' lang='lat' dir='ltr'><strong>munere</strong></span> 
     </span>
     <span class='ocr_line' id='line_1_25' title="bbox 167 2515 1342 2587; baseline -0.002 -15"><span class='ocrx_word' id='word_1_243' title='bbox 167 2516 339 2586; x_wconf 84' lang='lat' dir='ltr'><strong>fungeretur.</strong></span> <span class='ocrx_word' id='word_1_244' title='bbox 375 2532 441 2571; x_wconf 87' lang='lat' dir='ltr'><strong>nam</strong></span> <span class='ocrx_word' id='word_1_245' title='bbox 459 2533 515 2571; x_wconf 92' lang='lat' dir='ltr'><strong>non</strong></span> <span class='ocrx_word' id='word_1_246' title='bbox 535 2516 570 2572; x_wconf 89' lang='lat' dir='ltr'><strong>de</strong></span> <span class='ocrx_word' id='word_1_247' title='bbox 589 2533 645 2571; x_wconf 89' lang='lat' dir='ltr'><strong>unc</strong></span> <span class='ocrx_word' id='word_1_248' title='bbox 663 2518 785 2586; x_wconf 86' lang='lat' dir='ltr'><strong>quodam</strong></span> <span class='ocrx_word' id='word_1_249' title='bbox 804 2516 933 2572; x_wconf 89' lang='lat' dir='ltr'><strong>cincinno</strong></span> <span class='ocrx_word' id='word_1_250' title='bbox 952 2517 995 2584; x_wconf 89' lang='lat' dir='ltr'><strong>(ut</strong></span> <span class='ocrx_word' id='word_1_251' title='bbox 1012 2517 1098 2586; x_wconf 91' lang='lat' dir='ltr'><strong>uulgo</strong></span> <span class='ocrx_word' id='word_1_252' title='bbox 1113 2519 1225 2587; x_wconf 83' lang='lat' dir='ltr'><strong>putant)</strong></span> <span class='ocrx_word' id='word_1_253' title='bbox 1240 2515 1342 2587; x_wconf 87' lang='lat' dir='ltr'><strong>agitur,</strong></span> 
     </span>
     <span class='ocr_line' id='line_1_26' title="bbox 169 2600 1342 2678; baseline -0.001 -18"><span class='ocrx_word' id='word_1_254' title='bbox 169 2606 219 2660; x_wconf 86' lang='lat' dir='ltr'><strong>sed</strong></span> <span class='ocrx_word' id='word_1_255' title='bbox 237 2604 425 2661; x_wconf 82' lang='lat' dir='ltr'><strong>Callimachus</strong></span> <span class='ocrx_word' id='word_1_256' title='bbox 448 2600 594 2675; x_wconf 72' lang='grc' dir='ltr'><strong><em>πλόκαμος</em></strong></span> <span class='ocrx_word' id='word_1_257' title='bbox 616 2608 645 2661; x_wconf 87' lang='lat' dir='ltr'><strong>et</strong></span> <span class='ocrx_word' id='word_1_258' title='bbox 669 2602 820 2678; x_wconf 76' lang='grc' dir='ltr'><strong><em>βόστρυχος</em></strong></span> <span class='ocrx_word' id='word_1_259' title='bbox 842 2621 893 2675; x_wconf 92' lang='lat' dir='ltr'><strong>pro</strong></span> <span class='ocrx_word' id='word_1_260' title='bbox 917 2605 1067 2661; x_wconf 90' lang='lat' dir='ltr'><strong>collectiuo</strong></span> <span class='ocrx_word' id='word_1_261' title='bbox 1090 2622 1197 2675; x_wconf 86' lang='lat' dir='ltr'><strong>ponens</strong></span> <span class='ocrx_word' id='word_1_262' title='bbox 1219 2622 1283 2661; x_wconf 86' lang='lat' dir='ltr'><strong>eam</strong></span> <span class='ocrx_word' id='word_1_263' title='bbox 1301 2606 1342 2660; x_wconf 91' lang='lat' dir='ltr'><strong>in·</strong></span> 
     </span>
     <span class='ocr_line' id='line_1_27' title="bbox 169 2693 1343 2764; baseline -0.002 -15"><span class='ocrx_word' id='word_1_264' title='bbox 169 2694 280 2749; x_wconf 89' lang='lat' dir='ltr'><strong>tellexit</strong></span> <span class='ocrx_word' id='word_1_265' title='bbox 298 2694 448 2750; x_wconf 87' lang='lat' dir='ltr'><strong>caesariem</strong></span> <span class='ocrx_word' id='word_1_266' title='bbox 468 2711 483 2749; x_wconf 92' lang='lat' dir='ltr'><strong>e</strong></span> <span class='ocrx_word' id='word_1_267' title='bbox 503 2693 630 2764; x_wconf 89' lang='lat' dir='ltr'><strong>pluribus</strong></span> <span class='ocrx_word' id='word_1_268' title='bbox 649 2695 785 2750; x_wconf 89' lang='lat' dir='ltr'><strong>cincinnis</strong></span> <span class='ocrx_word' id='word_1_269' title='bbox 803 2697 987 2764; x_wconf 87' lang='lat' dir='ltr'><strong>constantem,</strong></span> <span class='ocrx_word' id='word_1_270' title='bbox 1006 2711 1077 2763; x_wconf 88' lang='lat' dir='ltr'><strong>qnae</strong></span> <span class='ocrx_word' id='word_1_271' title='bbox 1097 2712 1112 2749; x_wconf 89' lang='lat' dir='ltr'><strong>e</strong></span> <span class='ocrx_word' id='word_1_272' title='bbox 1131 2694 1237 2750; x_wconf 88' lang='lat' dir='ltr'><strong>uertice</strong></span> <span class='ocrx_word' id='word_1_273' title='bbox 1255 2693 1343 2750; x_wconf 86' lang='lat' dir='ltr'><strong>effusa</strong></span> 
     </span>
     <span class='ocr_line' id='line_1_28' title="bbox 169 2782 1342 2855; baseline -0.003 -15"><span class='ocrx_word' id='word_1_274' title='bbox 169 2788 232 2840; x_wconf 86' lang='lat' dir='ltr'><strong>erat</strong></span> <span class='ocrx_word' id='word_1_275' title='bbox 244 2801 296 2854; x_wconf 80' lang='lat' dir='ltr'><strong>per</strong></span> <span class='ocrx_word' id='word_1_276' title='bbox 314 2785 436 2841; x_wconf 77' lang='lat' dir='ltr'><strong>candido</strong></span> <span class='ocrx_word' id='word_1_277' title='bbox 458 2785 529 2839; x_wconf 85' lang='lat' dir='ltr'><strong>colla</strong></span> <span class='ocrx_word' id='word_1_278' title='bbox 547 2783 643 2855; x_wconf 86' lang='lat' dir='ltr'><strong>(Verg.</strong></span> <span class='ocrx_word' id='word_1_279' title='bbox 663 2785 696 2839; x_wconf 83' lang='lat' dir='ltr'><strong>G.</strong></span> <span class='ocrx_word' id='word_1_280' title='bbox 716 2782 754 2836; x_wconf 88' lang='lat' dir='ltr'><strong>IV</strong></span> <span class='ocrx_word' id='word_1_281' title='bbox 774 2786 850 2853; x_wconf 73' lang='lat'><strong>337),</strong></span> <span class='ocrx_word' id='word_1_282' title='bbox 874 2784 948 2838; x_wconf 90' lang='lat' dir='ltr'><strong>unde</strong></span> <span class='ocrx_word' id='word_1_283' title='bbox 972 2785 1002 2838; x_wconf 89' lang='lat' dir='ltr'><strong>et</strong></span> <span class='ocrx_word' id='word_1_284' title='bbox 1020 2783 1161 2840; x_wconf 79' lang='lat' dir='ltr'><strong>Eratosth.</strong></span> <span class='ocrx_word' id='word_1_285' title='bbox 1180 2787 1279 2839; x_wconf 86' lang='lat' dir='ltr'><strong>catast.</strong></span> <span class='ocrx_word' id='word_1_286' title='bbox 1301 2789 1342 2850; x_wconf 77' lang='lat'><strong>12,</strong></span> 
     </span>
     <span class='ocr_line' id='line_1_29' title="bbox 169 2872 1342 2944; baseline 0.001 -18"><span class='ocrx_word' id='word_1_287' title='bbox 169 2873 271 2943; x_wconf 81' lang='lat' dir='ltr'><strong>Hygin.</strong></span> <span class='ocrx_word' id='word_1_288' title='bbox 290 2872 310 2926; x_wconf 91' lang='lat' dir='ltr'><strong>l.</strong></span> <span class='ocrx_word' id='word_1_289' title='bbox 330 2874 347 2928; x_wconf 95' lang='lat' dir='ltr'><strong>l.</strong></span> <span class='ocrx_word' id='word_1_290' title='bbox 367 2872 471 2941; x_wconf 89' lang='lat' dir='ltr'><strong>aliique</strong></span> <span class='ocrx_word' id='word_1_291' title='bbox 490 2874 564 2928; x_wconf 89' lang='lat' dir='ltr'><strong>inter</strong></span> <span class='ocrx_word' id='word_1_292' title='bbox 581 2874 719 2944; x_wconf 89' lang='lat' dir='ltr'><strong>pluralem</strong></span> <span class='ocrx_word' id='word_1_293' title='bbox 735 2874 847 2929; x_wconf 76' lang='lat' dir='ltr'><strong>‘onnes’</strong></span> <span class='ocrx_word' id='word_1_294' title='bbox 864 2877 894 2928; x_wconf 93' lang='lat' dir='ltr'><strong>et</strong></span> <span class='ocrx_word' id='word_1_295' title='bbox 907 2873 1077 2943; x_wconf 79' lang='lat' dir='ltr'><strong>singularem</strong></span> <span class='ocrx_word' id='word_1_296' title='bbox 1093 2873 1200 2928; x_wconf 86' lang='lat' dir='ltr'><strong>‘crinis‘</strong></span> <span class='ocrx_word' id='word_1_297' title='bbox 1217 2875 1342 2940; x_wconf 72' lang='lat' dir='ltr'><strong>uariant,</strong></span> 
     </span>
     <span class='ocr_line' id='line_1_30' title="bbox 169 2962 1341 3032; baseline 0.002 -16"><span class='ocrx_word' id='word_1_298' title='bbox 169 2966 200 3017; x_wconf 87' lang='lat' dir='ltr'><strong>et</strong></span> <span class='ocrx_word' id='word_1_299' title='bbox 222 2962 262 3017; x_wconf 91' lang='lat' dir='ltr'><strong>sie</strong></span> <span class='ocrx_word' id='word_1_300' title='bbox 286 2962 345 3032; x_wconf 87' lang='lat' dir='ltr'><strong>ipse</strong></span> <span class='ocrx_word' id='word_1_301' title='bbox 369 2964 463 3016; x_wconf 85' lang='lat' dir='ltr'><strong>noster</strong></span> <span class='ocrx_word' id='word_1_302' title='bbox 486 2981 512 3017; x_wconf 91' lang='lat' dir='ltr'><strong>u.</strong></span> <span class='ocrx_word' id='word_1_303' title='bbox 539 2968 573 3016; x_wconf 75' lang='lat'><strong>47</strong></span> <span class='ocrx_word' id='word_1_304' title='bbox 594 2963 707 3018; x_wconf 81' lang='lat' dir='ltr'><strong>‘crines‘</strong></span> <span class='ocrx_word' id='word_1_305' title='bbox 729 2967 758 3018; x_wconf 90' lang='lat' dir='ltr'><strong>et</strong></span> <span class='ocrx_word' id='word_1_306' title='bbox 776 2970 810 3018; x_wconf 85' lang='grc'><strong>93</strong></span> <span class='ocrx_word' id='word_1_307' title='bbox 831 2963 943 3018; x_wconf 80' lang='lat' dir='ltr'><strong>‘coma&#39;.</strong></span> <span class='ocrx_word' id='word_1_308' title='bbox 981 2963 1100 3017; x_wconf 82' lang='lat' dir='ltr'><strong>formam</strong></span> <span class='ocrx_word' id='word_1_309' title='bbox 1120 2962 1341 3018; x_wconf 79' lang='lat' dir='ltr'><strong>‘Bereniceo&#39;V</strong></span> 
     </span>
     <span class='ocr_line' id='line_1_31' title="bbox 171 3050 1342 3123; baseline 0.001 -18"><span class='ocrx_word' id='word_1_310' title='bbox 171 3051 265 3106; x_wconf 84' lang='lat' dir='ltr'><strong>‘chore</strong></span> <span class='ocrx_word' id='word_1_311' title='bbox 284 3050 375 3105; x_wconf 90' lang='lat' dir='ltr'><strong>niceo&#39;</strong></span> <span class='ocrx_word' id='word_1_312' title='bbox 396 3052 533 3120; x_wconf 86' lang='lat' dir='ltr'><strong>praebens</strong></span> <span class='ocrx_word' id='word_1_313' title='bbox 551 3055 647 3123; x_wconf 90' lang='lat' dir='ltr'><strong>aperte</strong></span> <span class='ocrx_word' id='word_1_314' title='bbox 664 3052 783 3121; x_wconf 87' lang='lat' dir='ltr'><strong>indieat;</strong></span> <span class='ocrx_word' id='word_1_315' title='bbox 803 3053 838 3107; x_wconf 86' lang='lat' dir='ltr'><strong>cl.</strong></span> <span class='ocrx_word' id='word_1_316' title='bbox 853 3051 967 3108; x_wconf 88' lang='lat' dir='ltr'><strong>omnino</strong></span> <span class='ocrx_word' id='word_1_317' title='bbox 982 3051 1152 3107; x_wconf 88' lang='lat' dir='ltr'><strong>Niebuhrius</strong></span> <span class='ocrx_word' id='word_1_318' title='bbox 1167 3069 1261 3121; x_wconf 90' lang='lat' dir='ltr'><strong>opusc.</strong></span> <span class='ocrx_word' id='word_1_319' title='bbox 1277 3051 1342 3106; x_wconf 88' lang='lat' dir='ltr'><strong>hist.</strong></span> 
     </span>
     <span class='ocr_line' id='line_1_32' title="bbox 169 3140 1342 3214; baseline 0 -20"><span class='ocrx_word' id='word_1_320' title='bbox 169 3142 199 3195; x_wconf 86' lang='lat' dir='ltr'><strong>et</strong></span> <span class='ocrx_word' id='word_1_321' title='bbox 217 3140 312 3208; x_wconf 88' lang='lat' dir='ltr'><strong>philol.</strong></span> <span class='ocrx_word' id='word_1_322' title='bbox 334 3141 344 3193; x_wconf 94' lang='lat' dir='ltr'><strong>l</strong></span> <span class='ocrx_word' id='word_1_323' title='bbox 365 3159 392 3210; x_wconf 85' lang='lat' dir='ltr'><strong>p.</strong></span> <span class='ocrx_word' id='word_1_324' title='bbox 412 3148 472 3197; x_wconf 77' lang='grc'><strong>137.</strong></span> <span class='ocrx_word' id='word_1_325' title='bbox 493 3171 525 3182; x_wconf 92' lang='grc'>-</span> <span class='ocrx_word' id='word_1_326' title='bbox 547 3143 577 3213; x_wconf 87' lang='lat' dir='ltr'><strong>o,</strong></span> <span class='ocrx_word' id='word_1_327' title='bbox 598 3141 647 3197; x_wconf 86' lang='lat'><strong>10.</strong></span> <span class='ocrx_word' id='word_1_328' title='bbox 667 3142 835 3210; x_wconf 76' lang='lat' dir='ltr'><strong>fulgentem</strong></span> <span class='ocrx_word' id='word_1_329' title='bbox 853 3142 948 3214; x_wconf 86' lang='lat' dir='ltr'><strong>clare,</strong></span> <span class='ocrx_word' id='word_1_330' title='bbox 968 3155 1057 3210; x_wconf 83' lang='lat' dir='ltr'><strong>quam</strong></span> <span class='ocrx_word' id='word_1_331' title='bbox 1076 3141 1182 3196; x_wconf 91' lang='lat' dir='ltr'><strong>multls</strong></span> <span class='ocrx_word' id='word_1_332' title='bbox 1200 3140 1256 3195; x_wconf 88' lang='lat' dir='ltr'><strong>llls</strong></span> <span class='ocrx_word' id='word_1_333' title='bbox 1273 3140 1342 3195; x_wconf 86' lang='lat' dir='ltr'><strong>des·</strong></span> 
     </span>
     <span class='ocr_line' id='line_1_33' title="bbox 170 3228 1341 3300; baseline 0 -17"><span class='ocrx_word' id='word_1_334' title='bbox 170 3243 237 3283; x_wconf 85' lang='lat' dir='ltr'><strong>rum</strong></span> <span class='ocrx_word' id='word_1_335' title='bbox 256 3228 338 3285; x_wconf 86' lang='lat' dir='ltr'><strong>lenls</strong></span> <span class='ocrx_word' id='word_1_336' title='bbox 356 3230 539 3298; x_wconf 88' lang='lat' dir='ltr'><strong>protendens</strong></span> <span class='ocrx_word' id='word_1_337' title='bbox 559 3230 685 3285; x_wconf 86' lang='lat' dir='ltr'><strong>brachia</strong></span> <span class='ocrx_word' id='word_1_338' title='bbox 702 3230 844 3300; x_wconf 87' lang='lat' dir='ltr'><strong>polllclts</strong></span> <span class='ocrx_word' id='word_1_339' title='bbox 862 3232 919 3286; x_wconf 87' lang='lat' dir='ltr'><strong>est.</strong></span> <span class='ocrx_word' id='word_1_340' title='bbox 958 3231 988 3286; x_wconf 76' lang='lat' dir='ltr'><strong>‘l</strong></span> <span class='ocrx_word' id='word_1_341' title='bbox 1003 3230 1049 3284; x_wconf 89' lang='lat' dir='ltr'><strong>cl.‘</strong></span> <span class='ocrx_word' id='word_1_342' title='bbox 1066 3247 1129 3284; x_wconf 89' lang='lat' dir='ltr'><strong>cnm</strong></span> <span class='ocrx_word' id='word_1_343' title='bbox 1145 3231 1226 3286; x_wconf 84' lang='lat' dir='ltr'><strong>‘cael</strong></span> <span class='ocrx_word' id='word_1_344' title='bbox 1240 3230 1268 3283; x_wconf 89' lang='lat' dir='ltr'><strong>in</strong></span> <span class='ocrx_word' id='word_1_345' title='bbox 1283 3229 1341 3283; x_wconf 85' lang='lat' dir='ltr'><strong>lim.</strong></span> 
     </span>
     <span class='ocr_line' id='line_1_34' title="bbox 170 3315 1343 3388; baseline -0.001 -17"><span class='ocrx_word' id='word_1_346' title='bbox 170 3316 253 3371; x_wconf 89' lang='lat' dir='ltr'><strong>uidit’</strong></span> <span class='ocrx_word' id='word_1_347' title='bbox 275 3315 359 3387; x_wconf 90' lang='lat' dir='ltr'><strong>iunge</strong></span> <span class='ocrx_word' id='word_1_348' title='bbox 376 3323 451 3383; x_wconf 89' lang='lat' dir='ltr'><strong>(nam</strong></span> <span class='ocrx_word' id='word_1_349' title='bbox 476 3319 527 3373; x_wconf 88' lang='lat' dir='ltr'><strong>elsi</strong></span> <span class='ocrx_word' id='word_1_350' title='bbox 551 3336 602 3388; x_wconf 91' lang='lat' dir='ltr'><strong>per</strong></span> <span class='ocrx_word' id='word_1_351' title='bbox 624 3336 654 3373; x_wconf 89' lang='lat' dir='ltr'><strong>se</strong></span> <span class='ocrx_word' id='word_1_352' title='bbox 677 3319 812 3374; x_wconf 88' lang='lat' dir='ltr'><strong>obscurae</strong></span> <span class='ocrx_word' id='word_1_353' title='bbox 831 3320 897 3373; x_wconf 88' lang='lat' dir='ltr'><strong>sunt</strong></span> <span class='ocrx_word' id='word_1_354' title='bbox 916 3318 1045 3374; x_wconf 90' lang='lat' dir='ltr'><strong>stellulae</strong></span> <span class='ocrx_word' id='word_1_355' title='bbox 1063 3319 1130 3374; x_wconf 89' lang='lat' dir='ltr'><strong>illae</strong></span> <span class='ocrx_word' id='word_1_356' title='bbox 1148 3317 1343 3373; x_wconf 86' lang='lat' dir='ltr'><strong>adserentibus</strong></span> 
     </span>
     <span class='ocr_line' id='line_1_35' title="bbox 170 3406 1341 3478; baseline -0.002 -18"><span class='ocrx_word' id='word_1_357' title='bbox 170 3406 334 3478; x_wconf 86' lang='lat' dir='ltr'><strong>astrologis,</strong></span> <span class='ocrx_word' id='word_1_358' title='bbox 354 3411 385 3463; x_wconf 92' lang='lat' dir='ltr'><strong>ut</strong></span> <span class='ocrx_word' id='word_1_359' title='bbox 403 3406 544 3463; x_wconf 86' lang='lat' dir='ltr'><strong>Eratosth.</strong></span> <span class='ocrx_word' id='word_1_360' title='bbox 568 3409 586 3462; x_wconf 91' lang='lat' dir='ltr'><strong>l.</strong></span> <span class='ocrx_word' id='word_1_361' title='bbox 612 3409 643 3476; x_wconf 92' lang='grc'><strong>1.,</strong></span> <span class='ocrx_word' id='word_1_362' title='bbox 663 3408 785 3478; x_wconf 86' lang='lat' dir='ltr'><strong>dispexit</strong></span> <span class='ocrx_word' id='word_1_363' title='bbox 807 3409 903 3462; x_wconf 88' lang='lat' dir='ltr'><strong>tamen</strong></span> <span class='ocrx_word' id='word_1_364' title='bbox 922 3424 968 3462; x_wconf 90' lang='lat' dir='ltr'><strong>eas</strong></span> <span class='ocrx_word' id='word_1_365' title='bbox 987 3407 1113 3462; x_wconf 86' lang='lat' dir='ltr'><strong>lucentes</strong></span> <span class='ocrx_word' id='word_1_366' title='bbox 1132 3409 1244 3474; x_wconf 86' lang='lat' dir='ltr'><strong>Conon).</strong></span> <span class='ocrx_word' id='word_1_367' title='bbox 1287 3423 1341 3461; x_wconf 90' lang='lat' dir='ltr'><strong>non</strong></span> 
     </span>
     <span class='ocr_line' id='line_1_36' title="bbox 170 3494 1362 3567; baseline -0.003 -17"><span class='ocrx_word' id='word_1_368' title='bbox 170 3500 305 3566; x_wconf 88' lang='lat' dir='ltr'><strong>conparet</strong></span> <span class='ocrx_word' id='word_1_369' title='bbox 332 3496 446 3565; x_wconf 89' lang='lat' dir='ltr'><strong>quidem</strong></span> <span class='ocrx_word' id='word_1_370' title='bbox 475 3499 529 3553; x_wconf 94' lang='lat' dir='ltr'><strong>hoc</strong></span> <span class='ocrx_word' id='word_1_371' title='bbox 554 3497 585 3551; x_wconf 76' lang='lat' dir='ltr'><strong>‘l</strong></span> <span class='ocrx_word' id='word_1_372' title='bbox 607 3498 653 3554; x_wconf 84' lang='lat' dir='ltr'><strong>cl.&#39;</strong></span> <span class='ocrx_word' id='word_1_373' title='bbox 674 3497 702 3552; x_wconf 93' lang='lat' dir='ltr'><strong>in</strong></span> <span class='ocrx_word' id='word_1_374' title='bbox 722 3499 879 3567; x_wconf 80' lang='lat' dir='ltr'><strong>fragmento</strong></span> <span class='ocrx_word' id='word_1_375' title='bbox 899 3495 1079 3562; x_wconf 85' lang='lat' dir='ltr'><strong>Callimachi;</strong></span> <span class='ocrx_word' id='word_1_376' title='bbox 1103 3495 1151 3564; x_wconf 91' lang='lat' dir='ltr'><strong>qui</strong></span> <span class='ocrx_word' id='word_1_377' title='bbox 1170 3499 1265 3550; x_wconf 88' lang='lat' dir='ltr'><strong>tamen</strong></span> <span class='ocrx_word' id='word_1_378' title='bbox 1283 3494 1362 3548; x_wconf 67' lang='lat' dir='ltr'><strong>sine&#39;</strong></span> 
     </span>
     <span class='ocr_line' id='line_1_37' title="bbox 172 3582 1343 3656; baseline -0.003 -17"><span class='ocrx_word' id='word_1_379' title='bbox 172 3584 257 3640; x_wconf 92' lang='lat' dir='ltr'><strong>dubio</strong></span> <span class='ocrx_word' id='word_1_380' title='bbox 280 3585 310 3640; x_wconf 92' lang='lat' dir='ltr'><strong>in</strong></span> <span class='ocrx_word' id='word_1_381' title='bbox 333 3587 461 3655; x_wconf 86' lang='lat' dir='ltr'><strong>sequenti</strong></span> <span class='ocrx_word' id='word_1_382' title='bbox 484 3588 645 3643; x_wconf 81' lang='lat' dir='ltr'><strong>hexametro</strong></span> <span class='ocrx_word' id='word_1_383' title='bbox 670 3588 723 3642; x_wconf 91' lang='lat' dir='ltr'><strong>hoo</strong></span> <span class='ocrx_word' id='word_1_384' title='bbox 746 3585 885 3656; x_wconf 86' lang='lat' dir='ltr'><strong>expressit</strong></span> <span class='ocrx_word' id='word_1_385' title='bbox 907 3585 1072 3653; x_wconf 87' lang='lat' dir='ltr'><strong>addiditque</strong></span> <span class='ocrx_word' id='word_1_386' title='bbox 1095 3585 1190 3652; x_wconf 85' lang='lat' dir='ltr'><strong>simul,</strong></span> <span class='ocrx_word' id='word_1_387' title='bbox 1219 3601 1275 3650; x_wconf 92' lang='lat' dir='ltr'><strong>quo</strong></span> <span class='ocrx_word' id='word_1_388' title='bbox 1299 3582 1343 3637; x_wconf 93' lang='lat' dir='ltr'><strong>illi</strong></span> 
     </span>
     <span class='ocr_line' id='line_1_38' title="bbox 173 3667 1341 3744; baseline -0.003 -16"><span class='ocrx_word' id='word_1_389' title='bbox 173 3673 313 3743; x_wconf 84' lang='lat' dir='ltr'><strong>‘pollicita</strong></span> <span class='ocrx_word' id='word_1_390' title='bbox 336 3676 390 3731; x_wconf 87' lang='lat' dir='ltr'><strong>est&#39;</strong></span> <span class='ocrx_word' id='word_1_391' title='bbox 415 3677 516 3731; x_wconf 90' lang='lat' dir='ltr'><strong>melius</strong></span> <span class='ocrx_word' id='word_1_392' title='bbox 540 3676 703 3732; x_wconf 91' lang='lat' dir='ltr'><strong>conueniret</strong></span> <span class='ocrx_word' id='word_1_393' title='bbox 725 3693 789 3729; x_wconf 92' lang='lat' dir='ltr'><strong>cnm</strong></span> <span class='ocrx_word' id='word_1_394' title='bbox 812 3674 934 3744; x_wconf 86' lang='lat' dir='ltr'><strong>simplici</strong></span> <span class='ocrx_word' id='word_1_395' title='bbox 954 3671 1042 3742; x_wconf 75' lang='grc' dir='ltr'><strong><em>ἔθηκε</em></strong></span> <span class='ocrx_word' id='word_1_396' title='bbox 1064 3673 1163 3741; x_wconf 89' lang='lat' dir='ltr'><strong>(ueluti</strong></span> <span class='ocrx_word' id='word_1_397' title='bbox 1182 3667 1341 3741; x_wconf 75' lang='grc' dir='ltr'><strong><em>εὐχομένη).</em></strong></span> 
     </span>
     <span class='ocr_line' id='line_1_39' title="bbox 171 3759 1342 3836; baseline 0 -20"><span class='ocrx_word' id='word_1_398' title='bbox 171 3779 261 3832; x_wconf 89' lang='lat' dir='ltr'><strong>neque</strong></span> <span class='ocrx_word' id='word_1_399' title='bbox 280 3781 363 3834; x_wconf 89' lang='lat' dir='ltr'><strong>porro</strong></span> <span class='ocrx_word' id='word_1_400' title='bbox 383 3765 487 3820; x_wconf 80' lang='lat' dir='ltr'><strong>‘laeuis</strong></span> <span class='ocrx_word' id='word_1_401' title='bbox 505 3771 577 3836; x_wconf 88' lang='lat' dir='ltr'><strong>prot.</strong></span> <span class='ocrx_word' id='word_1_402' title='bbox 597 3765 722 3820; x_wconf 84' lang='lat' dir='ltr'><strong>brachia’</strong></span> <span class='ocrx_word' id='word_1_403' title='bbox 744 3765 813 3834; x_wconf 91' lang='lat' dir='ltr'><strong>(scil.</strong></span> <span class='ocrx_word' id='word_1_404' title='bbox 832 3764 930 3834; x_wconf 91' lang='lat' dir='ltr'><strong>suplex</strong></span> <span class='ocrx_word' id='word_1_405' title='bbox 948 3762 984 3817; x_wconf 88' lang='lat' dir='ltr'><strong>ad</strong></span> <span class='ocrx_word' id='word_1_406' title='bbox 999 3761 1076 3830; x_wconf 90' lang='lat' dir='ltr'><strong>deos,</strong></span> <span class='ocrx_word' id='word_1_407' title='bbox 1095 3763 1127 3815; x_wconf 94' lang='lat' dir='ltr'><strong>ut</strong></span> <span class='ocrx_word' id='word_1_408' title='bbox 1141 3764 1208 3818; x_wconf 80' lang='lat' dir='ltr'><strong>Aen.</strong></span> <span class='ocrx_word' id='word_1_409' title='bbox 1223 3759 1274 3814; x_wconf 87' lang='lat' dir='ltr'><strong>Xll</strong></span> <span class='ocrx_word' id='word_1_410' title='bbox 1289 3767 1342 3816; x_wconf 80' lang='lat'><strong>930</strong></span> 
     </span>
     <span class='ocr_line' id='line_1_40' title="bbox 171 3851 1343 3924; baseline -0.003 -16"><span class='ocrx_word' id='word_1_411' title='bbox 171 3853 347 3923; x_wconf 64' lang='lat' dir='ltr'><strong>datamque</strong></span> <span class='ocrx_word' id='word_1_412' title='bbox 361 3859 518 3924; x_wconf 69' lang='lat' dir='ltr'><strong>precamen</strong></span> <span class='ocrx_word' id='word_1_413' title='bbox 528 3855 702 3923; x_wconf 75' lang='lat' dir='ltr'><strong>protendens,</strong></span> <span class='ocrx_word' id='word_1_414' title='bbox 721 3852 854 3922; x_wconf 79' lang='lat' dir='ltr'><strong>Lygdum.</strong></span> <span class='ocrx_word' id='word_1_415' title='bbox 870 3858 896 3920; x_wconf 82' lang='lat'><strong>4,</strong></span> <span class='ocrx_word' id='word_1_416' title='bbox 915 3858 950 3906; x_wconf 81' lang='lat'><strong>64</strong></span> <span class='ocrx_word' id='word_1_417' title='bbox 964 3868 1025 3906; x_wconf 77' lang='grc' dir='ltr'><strong><em>αισι</em></strong></span> <span class='ocrx_word' id='word_1_418' title='bbox 1037 3851 1124 3906; x_wconf 71' lang='lat' dir='ltr'><strong>muto</strong></span> <span class='ocrx_word' id='word_1_419' title='bbox 1138 3852 1252 3907; x_wconf 70' lang='grc' dir='ltr'><strong><em>θνασὶιίσ</em></strong></span> <span class='ocrx_word' id='word_1_420' title='bbox 1266 3851 1343 3905; x_wconf 79' lang='lat' dir='ltr'><strong>tende</strong></span> 
     </span>
     <span class='ocr_line' id='line_1_41' title="bbox 168 3936 1344 4013; baseline -0.003 -16"><span class='ocrx_word' id='word_1_421' title='bbox 168 3957 262 4011; x_wconf 53' lang='lat' dir='ltr'><strong>preca</strong></span> <span class='ocrx_word' id='word_1_422' title='bbox 285 3942 417 3997; x_wconf 81' lang='lat' dir='ltr'><strong>AStatius</strong></span> <span class='ocrx_word' id='word_1_423' title='bbox 440 3958 482 4013; x_wconf 93' lang='lat' dir='ltr'><strong>cp.</strong></span> <span class='ocrx_word' id='word_1_424' title='bbox 503 3941 613 3998; x_wconf 76' lang='lat' dir='ltr'><strong>Gallim.</strong></span> <span class='ocrx_word' id='word_1_425' title='bbox 633 3942 693 3997; x_wconf 89' lang='lat' dir='ltr'><strong>Del.</strong></span> <span class='ocrx_word' id='word_1_426' title='bbox 714 3946 764 3996; x_wconf 77' lang='lat'><strong>107</strong></span> <span class='ocrx_word' id='word_1_427' title='bbox 788 3940 888 4011; x_wconf 75' lang='grc' dir='ltr'><strong><em>πήχεις</em></strong></span> <span class='ocrx_word' id='word_1_428' title='bbox 910 3937 1090 4011; x_wconf 70' lang='grc' dir='ltr'><strong><em>ἀμφοτέρως</em></strong></span> <span class='ocrx_word' id='word_1_429' title='bbox 1108 3936 1258 4010; x_wconf 78' lang='grc' dir='ltr'><strong><em>ὀρέγουσα)</em></strong></span> <span class='ocrx_word' id='word_1_430' title='bbox 1278 3943 1344 3994; x_wconf 88' lang='lat' dir='ltr'><strong>suut</strong></span> 
     </span>
     <span class='ocr_line' id='line_1_42' title="bbox 173 4028 1342 4099; baseline -0.002 -15"><span class='ocrx_word' id='word_1_431' title='bbox 173 4028 280 4085; x_wconf 83' lang='lat' dir='ltr'><strong>Catulli</strong></span> <span class='ocrx_word' id='word_1_432' title='bbox 293 4030 526 4098; x_wconf 84' lang='lat' dir='ltr'><strong>additamentum,</strong></span> <span class='ocrx_word' id='word_1_433' title='bbox 544 4029 593 4085; x_wconf 90' lang='lat' dir='ltr'><strong>sed</strong></span> <span class='ocrx_word' id='word_1_434' title='bbox 608 4029 774 4085; x_wconf 86' lang='lat' dir='ltr'><strong>Callimachi</strong></span> <span class='ocrx_word' id='word_1_435' title='bbox 789 4030 929 4085; x_wconf 84' lang='lat' dir='ltr'><strong>adulantis</strong></span> <span class='ocrx_word' id='word_1_436' title='bbox 943 4030 1157 4099; x_wconf 85' lang='lat' dir='ltr'><strong>habueruntque</strong></span> <span class='ocrx_word' id='word_1_437' title='bbox 1170 4028 1267 4082; x_wconf 90' lang='lat' dir='ltr'><strong>itidem</strong></span> <span class='ocrx_word' id='word_1_438' title='bbox 1283 4028 1342 4082; x_wconf 89' lang='lat' dir='ltr'><strong>sine</strong></span> 
     </span>
     <span class='ocr_line' id='line_1_43' title="bbox 173 4118 1341 4188; baseline -0.001 -16"><span class='ocrx_word' id='word_1_439' title='bbox 173 4118 258 4176; x_wconf 92' lang='lat' dir='ltr'><strong>dubio</strong></span> <span class='ocrx_word' id='word_1_440' title='bbox 268 4120 296 4175; x_wconf 94' lang='lat' dir='ltr'><strong>in</strong></span> <span class='ocrx_word' id='word_1_441' title='bbox 311 4121 475 4176; x_wconf 88' lang='lat' dir='ltr'><strong>hexametro</strong></span> <span class='ocrx_word' id='word_1_442' title='bbox 489 4120 617 4188; x_wconf 91' lang='lat' dir='ltr'><strong>sequenti</strong></span> <span class='ocrx_word' id='word_1_443' title='bbox 632 4120 731 4173; x_wconf 89' lang='lat' dir='ltr'><strong>locum.</strong></span> <span class='ocrx_word' id='word_1_444' title='bbox 757 4119 877 4188; x_wconf 89' lang='lat' dir='ltr'><strong>denique</strong></span> <span class='ocrx_word' id='word_1_445' title='bbox 887 4118 958 4174; x_wconf 89' lang='lat' dir='ltr'><strong>illud</strong></span> <span class='ocrx_word' id='word_1_446' title='bbox 968 4121 1055 4173; x_wconf 79' lang='grc' dir='ltr'><strong><em>πᾶσιν</em></strong></span> <span class='ocrx_word' id='word_1_447' title='bbox 1066 4161 1072 4172; x_wconf 95' lang='grc'><em>.</em></span> <span class='ocrx_word' id='word_1_448' title='bbox 1085 4122 1183 4180; x_wconf 81' lang='grc' dir='ltr'><strong><em>,θεοῖς</em></strong></span> <span class='ocrx_word' id='word_1_449' title='bbox 1192 4121 1341 4188; x_wconf 80' lang='lat' dir='ltr'><strong>postquam</strong></span> 
     </span>
     <span class='ocr_line' id='line_1_44' title="bbox 173 4208 1341 4277; baseline -0.005 -11"><span class='ocrx_word' id='word_1_450' title='bbox 173 4211 229 4266; x_wconf 81' lang='lat' dir='ltr'><strong>iam</strong></span> <span class='ocrx_word' id='word_1_451' title='bbox 253 4210 454 4266; x_wconf 82' lang='lat' dir='ltr'><strong>Valckenarius</strong></span> <span class='ocrx_word' id='word_1_452' title='bbox 478 4209 595 4264; x_wconf 88' lang='lat' dir='ltr'><strong>miratus</strong></span> <span class='ocrx_word' id='word_1_453' title='bbox 618 4211 662 4263; x_wconf 91' lang='lat' dir='ltr'><strong>est</strong></span> <span class='ocrx_word' id='word_1_454' title='bbox 685 4209 757 4263; x_wconf 91' lang='lat' dir='ltr'><strong>uerti</strong></span> <span class='ocrx_word' id='word_1_455' title='bbox 781 4226 831 4277; x_wconf 87' lang='lat' dir='ltr'><strong>per</strong></span> <span class='ocrx_word' id='word_1_456' title='bbox 851 4209 958 4263; x_wconf 89' lang='lat' dir='ltr'><strong>‘multis</strong></span> <span class='ocrx_word' id='word_1_457' title='bbox 979 4252 983 4262; x_wconf 93' lang='lat'>.</span> <span class='ocrx_word' id='word_1_458' title='bbox 1005 4251 1010 4262; x_wconf 96' lang='lat'>.</span> <span class='ocrx_word' id='word_1_459' title='bbox 1031 4208 1158 4262; x_wconf 88' lang='lat' dir='ltr'><strong>dearum‘</strong></span> <span class='ocrx_word' id='word_1_460' title='bbox 1185 4223 1341 4276; x_wconf 88' lang='lat' dir='ltr'><strong>conparans</strong></span> 
     </span>
     <span class='ocr_line' id='line_1_45' title="bbox 173 4297 1341 4368; baseline -0.006 -13"><span class='ocrx_word' id='word_1_461' title='bbox 173 4319 199 4355; x_wconf 90' lang='lat' dir='ltr'><strong>u.</strong></span> <span class='ocrx_word' id='word_1_462' title='bbox 219 4307 253 4356; x_wconf 74' lang='grc'><strong>33</strong></span> <span class='ocrx_word' id='word_1_463' title='bbox 278 4301 398 4356; x_wconf 85' lang='lat' dir='ltr'><strong>‘cunctis</strong></span> <span class='ocrx_word' id='word_1_464' title='bbox 417 4300 489 4354; x_wconf 88' lang='lat' dir='ltr'><strong>dinis</strong></span> <span class='ocrx_word' id='word_1_465' title='bbox 508 4297 637 4368; x_wconf 83' lang='lat' dir='ltr'><strong>pollicita</strong></span> <span class='ocrx_word' id='word_1_466' title='bbox 655 4298 696 4353; x_wconf 86' lang='lat' dir='ltr'><strong>es‘</strong></span> <span class='ocrx_word' id='word_1_467' title='bbox 718 4301 758 4366; x_wconf 89' lang='lat' dir='ltr'><strong>(et</strong></span> <span class='ocrx_word' id='word_1_468' title='bbox 776 4298 869 4352; x_wconf 90' lang='lat' dir='ltr'><strong>hercle</strong></span> <span class='ocrx_word' id='word_1_469' title='bbox 889 4302 938 4352; x_wconf 91' lang='lat' dir='ltr'><strong>aut</strong></span> <span class='ocrx_word' id='word_1_470' title='bbox 957 4299 1005 4351; x_wconf 92' lang='lat' dir='ltr'><strong>uni</strong></span> <span class='ocrx_word' id='word_1_471' title='bbox 1026 4298 1126 4351; x_wconf 86' lang='lat' dir='ltr'><strong>Veneri</strong></span> <span class='ocrx_word' id='word_1_472' title='bbox 1145 4299 1194 4350; x_wconf 86' lang='lat' dir='ltr'><strong>aut</strong></span> <span class='ocrx_word' id='word_1_473' title='bbox 1213 4297 1341 4351; x_wconf 91' lang='lat' dir='ltr'><strong>omnibus</strong></span> 
     </span>
     <span class='ocr_line' id='line_1_46' title="bbox 174 4385 1340 4456; baseline -0.005 -12"><span class='ocrx_word' id='word_1_474' title='bbox 174 4388 235 4444; x_wconf 89' lang='lat' dir='ltr'><strong>deis</strong></span> <span class='ocrx_word' id='word_1_475' title='bbox 253 4405 356 4445; x_wconf 83' lang='lat' dir='ltr'><strong>uouere</strong></span> <span class='ocrx_word' id='word_1_476' title='bbox 370 4389 468 4444; x_wconf 89' lang='lat' dir='ltr'><strong>debuit</strong></span> <span class='ocrx_word' id='word_1_477' title='bbox 482 4387 585 4441; x_wconf 72' lang='lat' dir='ltr'><strong>crinem</strong></span> <span class='ocrx_word' id='word_1_478' title='bbox 601 4388 751 4454; x_wconf 87' lang='lat' dir='ltr'><strong>Berenice),</strong></span> <span class='ocrx_word' id='word_1_479' title='bbox 770 4387 847 4441; x_wconf 85' lang='lat' dir='ltr'><strong>lseili</strong></span> <span class='ocrx_word' id='word_1_480' title='bbox 861 4403 946 4456; x_wconf 90' lang='lat' dir='ltr'><strong>opera</strong></span> <span class='ocrx_word' id='word_1_481' title='bbox 960 4385 1099 4456; x_wconf 85' lang='lat' dir='ltr'><strong>Hauptins</strong></span> <span class='ocrx_word' id='word_1_482' title='bbox 1113 4387 1143 4440; x_wconf 92' lang='lat' dir='ltr'><strong>id</strong></span> <span class='ocrx_word' id='word_1_483' title='bbox 1157 4387 1231 4455; x_wconf 87' lang='lat' dir='ltr'><strong>qnod</strong></span> <span class='ocrx_word' id='word_1_484' title='bbox 1246 4403 1340 4440; x_wconf 90' lang='lat' dir='ltr'><strong>uerum</strong></span> 
     </span>
    </p>
   </div>
   <div class='ocr_carea' id='block_1_3' title="bbox 0 0 1476 4912">
    <p class='ocr_par' dir='ltr' id='par_1_3' title="bbox 0 0 1476 4912">
     <span class='ocr_line' id='line_1_47' title="bbox 0 0 1476 4912; baseline 0 0"><span class='ocrx_word' id='word_1_485' title='bbox 0 0 1476 4912; x_wconf 95' lang='lat' dir='ltr'><strong> </strong></span> 
     </span>
    </p>
   </div>
  </div>
 </body>
</html>
