2940 4912
146 312 188 377 26
589 307 873 366 PROLEGOMENA.

144 485 235 558 atqua
258 482 334 540 illud
357 481 387 539 in
411 480 475 539 uita
497 479 613 539 lectum
636 472 779 556 ‘puellam
802 478 974 554 primariam
999 475 1144 540 Clodiam'
1167 482 1319 557 profluxit

143 599 240 658 neque
263 581 326 639 ulla
350 578 502 639 sententia
525 579 620 655 magis
640 579 755 637 auersis
774 576 868 636 Musis
888 580 935 636 est
958 578 1128 653 excogitata
1150 598 1240 655 quem
1259 598 1321 656 qua

144 678 284 738 Lesbiam
304 676 525 737 meretriculam
544 677 637 736 fuisse
656 676 813 751 uulgarem
827 669 987 755 quidam*)
1002 679 1072 735 sunt
1089 677 1212 753 opinati.
1243 677 1320 736 nihil

145 777 225 836 enim
251 776 281 834 in
310 775 447 834 omnibus
475 773 655 833 carminibus
683 771 722 830 ad
744 772 884 832 Lesbiam
908 773 1112 848 spectantibus
1140 775 1219 850 quod
1249 776 1320 836 huic

144 874 312 933 sententiae
346 873 450 930 faueat
477 871 577 945 adest,
610 889 685 947 qnae
713 889 779 929 eam
807 870 974 947 inpugnant
1001 870 1162 948 diligenter
1188 872 1319 934 intuenti

144 972 335 1046 reperiuntur
358 970 463 1028 multa.
496 969 592 1028 ueluti
614 969 666 1044 qni
684 970 799 1028 ceteros
819 969 870 1044 qui
889 986 1005 1028 amores
1025 970 1194 1030 cecinerunt
1214 974 1319 1047 poetae

143 1070 267 1147 latinos,
291 1072 366 1144 puta
384 1064 524 1126 Ouidium
544 1066 696 1125 Tibullum
715 1066 918 1143 Propertium,
942 1067 1018 1126 bene
1037 1068 1149 1128 habent
1172 1070 1318 1145 cognitos,

143 1188 201 1228 non
225 1169 367 1245 ignorant
386 1183 475 1242 quam
495 1164 583 1223 multi
602 1164 645 1223 illi
665 1164 774 1224 sintin
793 1165 934 1241 querellis
954 1165 989 1224 de
1009 1167 1177 1240 puellarum
1195 1185 1320 1229 suarum

144 1265 277 1326 adsiduis
310 1264 469 1339 nimiisque
500 1261 764 1338 postulationibus.
818 1263 882 1338 ipse
915 1281 1033 1338 quoque
1066 1262 1218 1341 Catullus,
1250 1283 1319 1324 oum

144 1367 264 1439 postero
288 1368 422 1437 tempore
445 1360 520 1420 alios
545 1363 712 1420 sectaretur
735 1378 865 1436 amores,
887 1379 910 1418 c.
935 1359 1061 1418 XXXXI
1085 1363 1197 1421 enormi
1220 1363 1318 1438 pretio

145 1480 210 1521 sesa
235 1460 365 1519 uendere
388 1459 467 1518 uelle
485 1458 651 1517 Ameanam
674 1458 865 1517 acerbissime
889 1458 1026 1534 queritur
1044 1449 1095 1538 (cf.
1120 1462 1150 1518 et
1168 1451 1248 1540 CX);
1266 1460 1318 1520 sed

143 1560 174 1617 in
202 1562 249 1618 tot
276 1557 424 1634 poematis
452 1554 491 1614 ad
513 1554 655 1615 Lesbiam
678 1554 757 1614 datis
785 1556 822 1614 de
849 1556 905 1614 hac
933 1575 966 1614 re
989 1574 1027 1614 ne
1054 1557 1175 1615 unicum
1198 1557 1319 1634 quidem

144 1657 271 1716 uerbum
294 1655 450 1730 reperitur.
492 1653 712 1729 nequehercle
735 1654 864 1727 Allium,
887 1654 914 1713 si
937 1654 974 1713 de
996 1654 1089 1730 uulgo
1112 1655 1220 1715 fuisset
1242 1657 1320 1733 lano,

143 1758 191 1815 tot
213 1753 352 1814 uersibus
370 1752 539 1828 magnificis
559 1743 734 1832 (valssb)
757 1752 940 1811 celebrasset
962 1754 1063 1827 poeta3
1087 1752 1139 1828 qui
1161 1757 1321 1830 praeterea

144 1872 212 1912 cnm
235 1850 392 1911 meretrice
415 1851 513 1911 famae
535 1870 596 1911 non
621 1851 794 1910 consulente
818 1849 1013 1910 conueniendi
1039 1850 1138 1910 locum
1160 1855 1266 1928 aptum
1288 1853 1320 1913 in

144 1951 251 2027 queuis
287 1949 413 2008 taberna
446 1949 554 2010 fuisset
590 1949 778 2008 inuenturos.
827 1947 968 2006 nimirum
1001 1949 1039 2007 ad
1067 1947 1207 2009 Lesbiam
1239 1954 1320 2012 recta

145 2046 362 2107 aestimandam
386 2044 461 2104 bens
485 2050 531 2105 est
550 2045 796 2122 distinguendum
819 2046 899 2105 inter
918 2046 1072 2121 feminam,
1097 2067 1173 2123 quae
1196 2067 1320 2126 corpore

143 2146 235 2206 faciat
259 2147 429 2221 quaestum,
455 2147 485 2203 et
504 2163 583 2218 eum,
607 2164 684 2221 quae
704 2144 849 2203 effrenata
867 2143 992 2203 libidine
1011 2147 1078 2204 aeta
1097 2145 1234 2207 omnibus
1253 2166 1320 2208 sese

144 2245 315 2320 prostItuat.
359 2261 395 2300 ex
419 2240 530 2301 Catulli
553 2242 700 2318 poematis
723 2246 862 2318 apparet,
884 2241 1024 2301 Lesbiam
1047 2242 1140 2302 fuisse
1163 2246 1319 2306 mulierem

144 2345 282 2418 nuptam,
305 2340 449 2416 nobilem,
477 2342 612 2416 pulcram
635 2344 854 2416 uenustamque
877 2333 1070 2420 (LXXXVI),
1094 2340 1224 2402 facetam
1246 2343 1319 2420 lepi-

144 2441 271 2516 damque
295 2432 464 2519 (XXXVI),
487 2439 589 2516 poesis
614 2459 714 2498 amore
737 2439 915 2515 flagrantem
934 2431 985 2518 (cf.
1004 2457 1080 2514 qnae
1103 2458 1171 2499 mox
1195 2440 1232 2500 de
1255 2441 1320 2503 sins

144 2539 263 2598 nomine
286 2530 450 2618 dicentur),
474 2539 527 2597 sed
555 2537 680 2597 eandem
706 2537 791 2596 initio
817 2537 937 2612 quidem
964 2556 1022 2596 non
1046 2537 1110 2596 sine
1133 2537 1319 2600 dubitatione

144 2637 294 2712 animique
315 2637 463 2712 scrupulis
482 2636 633 2696 infidelem
650 2636 771 2708 marito,
789 2652 858 2694 mox
876 2635 1001 2694 liberius
1020 2636 1174 2694 uiuentem
1186 2655 1241 2696 nec
1259 2656 1320 2697 nno

144 2738 278 2793 amatore
301 2736 474 2792 contentam
501 2739 532 2794 et
554 2735 653 2810 magis
676 2733 833 2809 magisque
857 2736 1029 2808 corruptam
1053 2734 1185 2793 omnium
1209 2734 1319 2795 factam

144 2851 210 2893 esse
229 2831 364 2890 amicam.
396 2830 500 2890 multis
520 2832 580 2891 iam
598 2833 671 2890 baec
690 2830 799 2890 Lesbia
817 2831 848 2890 in
867 2832 1042 2890 memoriam
1061 2834 1217 2892 reuocauit
1237 2832 1318 2893 Sem·

143 2930 280 3007 proniam
303 2928 403 3005 illam,
428 2928 465 2988 de
483 2949 542 3005 qua
561 2929 683 2988 Sallust.
699 2928 762 2987 Cat.
779 2931 864 3002 25,2
886 2929 991 2989 scribit
1007 2931 1077 2989 boec
1094 2931 1199 2990 medice·
1213 2949 1318 3005 penna

144 3033 229 3101 atquc
247 3030 356 3100 forma,
370 3032 523 3100 praetcrea
542 3031 622 3095 uiro,
637 3029 735 3087 liberis
748 3030 821 3087 sotis
835 3029 986 3101 fortunata
999 3029 1072 3101 suin·
1092 3029 1192 3088 litteris
1204 3032 1318 3103 praecis

145 3132 170 3186 ct
192 3128 292 3185 latinis
315 3126 409 3192 doctu,
433 3126 564 3199 psallere
587 3128 695 3185 sultare
718 3127 875 3199 clepuntius
897 3144 985 3200 quum
1007 3143 1119 3185 measse
1142 3131 1182 3185 cst
1198 3128 1320 3200 probae,

144 3225 235 3283 modo
259 3224 334 3289 olio,
363 3240 437 3296 quac
461 3227 652 3283 instrumento
680 3225 815 3283 luceriae
842 3229 925 3295 sunt·
952 3225 1002 3284 scd
1024 3227 1050 3282 et
1072 3227 1188 3283 cariora
1210 3242 1321 3299 carpor

145 3325 243 3381 omniu
270 3340 357 3395 quom
389 3323 474 3381 deca
501 3326 586 3395 atquc
606 3323 751 3396 praedicitis
778 3324 851 3394 suin
874 3325 1016 3396 pecuniae
1038 3341 1078 3381 un
1104 3323 1204 3396 samec
1223 3326 1321 3382 marus

139 3425 274 3496 parceret
291 3421 371 3479 bursd
388 3421 476 3494 facile
494 3422 687 3491 discerneres,-
713 3421 808 3479 lubido
826 3424 869 3480 sic
891 3439 1012 3481 maenaa
1034 3425 1066 3479 ut
1083 3423 1200 3495 saepius
1212 3426 1322 3496 peteret

144 3522 225 3578 uiros
243 3537 330 3592 quom
345 3524 506 3593 peroratum
526 3520 576 3578 scd
594 3537 628 3577 ca
646 3536 731 3592 sucpc
750 3519 871 3578 antebac
888 3521 975 3592 fidem
988 3519 1168 3592 prodiderat,
1182 3519 1321 3577 creddum

146 3620 347 3684 obiurauorol,
382 3619 477 3677 caedis
511 3621 625 3677 conscia
657 3620 768 3690 sucat,
797 3619 916 3677 larnaria
949 3624 1032 3691 atque
1059 3620 1158 3691 inopia
1178 3633 1322 3691 praeceps

145 3716 274 3784 obierat,·
303 3733 406 3772 narrum
431 3719 575 3789 ismeniam
599 3719 661 3775 eitra
682 3717 762 3774 luurcd
785 3716 960 3775 obscuratum:
981 3731 1069 3788 posse
1091 3733 1195 3774 uersus
1216 3716 1343 3799 sursera,⁴

144 3815 238 3869 bourn
256 3829 381 3883 rnoucre,
401 3832 531 3872 sanante
548 3817 592 3872 orti
610 3816 657 3873 oct
675 3816 799 3874 nwdesto
817 3815 864 3872 uel
881 3812 961 3870 molli
978 3813 1025 3869 uel
1042 3817 1179 3885 procaci:
1196 3831 1321 3887 prorsus

145 3911 252 3967 mreltnc
273 3912 396 3982 facetiae
419 3913 580 3984 assultusque
599 3913 677 3985 lepos
698 3915 799 3970 inerat.
832 3928 908 3969 neue
927 3909 1058 3985 mireris,
1078 3909 1219 3969 feminam
1239 3910 1322 3970 nobi-

146 4008 204 4065 lam
220 4011 281 4066 tam
295 4008 408 4066 inmani
423 4009 510 4067 modo
528 4013 618 4085 atque
638 4011 669 4068 in
690 4030 713 4070 c.
729 4008 829 4068 LVIII
847 4006 1032 4082 descriptum
1054 4010 1100 4065 est
1118 4011 1253 4084 potuisse
1272 4009 1322 4067 de·

146 4108 281 4181 pranari,
305 4106 522 4165 reminiscenda
546 4110 593 4165 est
616 4108 719 4166 itidem
744 4127 762 4166 a
784 4103 887 4164 multis
911 4108 1084 4178 comparata
1107 4104 1168 4163 filia
1189 4106 1322 4183 Augusti

149 4211 159 4215 μ
212 4211 371 4319 plebeii
387 4252 451 4318 post
466 4250 537 4305 alios
551 4251 711 4322 opinionem
722 4252 795 4305 banc
811 4248 839 4303 in
849 4245 985 4301 Fleckeia.
1000 4250 1143 4301 ann.1872
1159 4267 1184 4317 p.
1198 4255 1248 4302 747
1259 4266 1320 4317 sqq.

146 4329 299 4399 expositam
319 4330 402 4384 reieci
424 4331 504 4385 Anal.
527 4331 627 4387 Catull.
649 4331 743 4403 [lenae
764 4327 845 4400 1874]
865 4343 894 4397 p.
909 4332 925 4380 3
941 4344 1011 4397 sqq,
1031 4326 1103 4382 unda
1123 4347 1194 4396 quae
1214 4329 1243 4383 in
1260 4347 1319 4385 ram

146 4412 227 4464 erant
245 4409 292 4464 hic
311 4409 437 4479 repetiui.
