2940 4912
188 280 252 344 296
675 279 737 335 LXI
758 286 870 335 rr-ea.

186 441 234 512 (ad
258 462 283 498 u.
304 444 367 512 206)
392 444 468 496 ortus
491 442 609 497 fortasse
632 442 716 512 paulo
742 444 808 497 ante
832 442 976 496 Catullum
1003 459 1027 497 a.
1047 447 1081 497 66
1107 443 1190 497 66666
1214 444 1270 510 666,
1294 442 1363 496 adu·

186 531 294 586 fescens
312 531 458 586 accusauit
476 549 501 586 a.
517 538 551 587 66
570 532 601 588 Ρ.
617 531 724 586 Sullam
743 532 807 602 lege
822 530 974 601 Calpurnia
992 532 1026 586 de
1042 530 1164 597 ambitu,
1184 549 1208 586 a.
1225 538 1258 586 62
1278 548 1364 601 quae·

185 622 291 673 staram
310 617 396 688 petiit
413 617 480 688 (Cic.
500 638 527 689 p.
547 618 627 674 Sulla
644 624 674 685 6,
694 625 742 686 24,
766 619 800 674 ef.
820 621 849 674 et
869 625 916 689 12,
935 622 996 689 64),
1021 636 1045 676 a.
1067 627 1100 677 46
1124 622 1239 690 praetor
1261 621 1365 689 faetus,

186 725 211 762 a.
231 713 264 762 41
288 707 318 761 in
337 706 433 763 Africa
456 710 553 763 eontra
573 707 755 764 Caesarianos
778 708 914 763 dimicans
934 708 1097 764 interfectas
1121 711 1172 765 666.
1208 709 1364 781 Epicureus

186 797 253 867 fuit,
272 798 356 851 homo
375 797 559 867 plurimarum
572 799 836 867 reconditarumque
851 798 1008 853 litterarum
1028 795 1185 869 (refereris
1208 804 1294 855 uocat
1307 799 1364 855 Cic.

187 887 263 942 Brut.
284 893 327 954 16,
345 889 423 955 266);
442 887 520 956 poesi
539 904 600 942 eum
621 887 707 943 fuisse
726 887 854 942 deditum
872 887 1365 959 conliguntexcic.d.fin.1‘1,2o

186 977 254 1046 quid
275 976 340 1043 tibi,
363 975 511 1046 Torquate,
529 978 598 1046 61ιὶ6
613 977 677 1032 leuia
694 977 807 1032 Triario
825 977 944 1042 litterae,
963 978 1030 1047 qaid
1048 978 1180 1032 betterico
1193 980 1366 1049 6666666666

189 1083 287 1133 rerum,
307 1066 374 1134 qaid
389 1071 533 1135 poetarum
551 1067 679 1134 ereolatio,
693 1067 761 1135 qaid
775 1071 854 1120 tarta
869 1071 908 1121 tot
921 1083 1051 1121 uersarem
1064 1069 1193 1122 memoria
1207 1068 1366 1137 uoluptatie

188 1157 279 1224 adfert
286 1155 310 1222 ?,
330 1153 434 1209 certius
454 1155 581 1224 seqnitur
600 1171 632 1209 ex
647 1154 732 1210 Plinii
751 1171 837 1226 supra
854 1174 881 1226 p.
899 1160 931 1210 10
947 1155 1079 1226 exscripti
1097 1155 1198 1224 uerbis,
1218 1156 1320 1226 quibus
1338 1159 1368 1212 66

187 1245 304 1300 Lucium
324 1245 448 1300 nostrum
469 1247 498 1297 et
516 1244 631 1298 fratrem
650 1243 754 1297 Aulum
773 1243 915 1313 designari
934 1243 1083 1313 probabile
1097 1247 1141 1298 est
1155 1247 1222 1312 (non
1236 1245 1365 1300 adhunc

187 1332 322 1388 Manlium
338 1334 453 1387 missum
469 1333 512 1386 est
526 1351 548 1387 c.
560 1331 708 1401 vaule).
735 1330 874 1401 quidquid
887 1332 916 1386 id
931 1335 982 1400 666,
992 1332 1038 1387 hic
1052 1333 1096 1386 uir
1111 1337 1186 1389 certe
1201 1334 1303 1405 dignus
1314 1337 1366 1404 est,

189 1439 272 1492 quem
287 1421 391 1478 Catulli
412 1420 534 1476 amicum
548 1421 633 1476 fuisse
648 1421 781 1476 dicamus.
801 1452 834 1461 -
854 1421 904 1494 17,
924 1421 972 1476 18.
991 1421 1091 1489 666116
1110 1421 1240 1478 Idalium
1260 1423 1366 1479 661666

190 1511 276 1567 66616
294 1510 331 1565 66
351 1510 517 1580 Phryglum
536 1509 635 1566 Venus
659 1510 798 1566 lndlccm.
841 1512 872 1565 66
891 1514 987 1566 amant
1009 1527 1060 1580 per
1079 1511 1194 1581 ‘qualis’
1215 1511 1367 1568 adnectere

190 1601 249 1655 siue
267 1599 392 1655 inserere
411 1600 625 1671 conparationes
644 1600 689 1670 (cf.
708 1599 783 1655 infra
801 1606 863 1670 221,
882 1599 970 1654 LXIV
989 1606 1037 1669 66,
1056 1597 1249 1670 1111111166,
1268 1601 1367 1655 Weid-

188 1706 272 1744 nerus
295 1689 332 1745 ad
350 1687 454 1759 Vergil.
479 1706 505 1758 p.
525 1692 602 1760 464),
627 1706 699 1743 6666
722 1689 822 1744 Viniae
846 1688 1006 1744 formositas
1031 1689 1076 1760 (cf.
1100 1692 1129 1745 et
1155 1691 1201 1759 64)
1224 1689 1368 1745 confertur

190 1797 252 1834 cum
271 1778 458 1850 pulcritudine
478 1778 607 1845 Veneris,
631 1777 754 1848 imagine
778 1779 853 1833 haud
877 1795 953 1847 rara,
976 1795 1032 1848 666
1056 1781 1085 1833 66
1107 1794 1205 1834 amans
1229 1780 1365 1834 amasiam

190 1886 269 1924 suam
290 1869 427 1924 Venerem
452 1867 566 1922 uocauit
585 1871 637 1935 (ex.
657 1885 697 1937 gr.
719 1867 801 1937 Verg.
822 1868 874 1922 ecl.
893 1874 923 1934 6,
942 1871 1000 1938 66);
1027 1867 1062 1922 cf.
1086 1856 1211 1922 Rohdius
1234 1867 1300 1923 libri
1324 1869 1368 1924 ‘d

190 1960 294 2030 griech.
310 1957 431 2013 Roman’
452 1975 479 2026 p.
496 1962 554 2012 166.
584 1958 618 2010 66
636 1956 726 2011 166116
740 1953 823 2026 Cypri
841 1972 859 2009 a
871 1956 980 2012 Venere
994 1957 1071 2012 culto
1085 1957 1120 2012 of.
1136 1955 1173 2011 ad
1188 1955 1306 2012 XXXVI
1323 1964 1366 2012 12.

188 2047 318 2103 Paridem
342 2045 511 2117 simpliciter
535 2045 689 2101 ‘iudicem'
715 2045 812 2100 audire
832 2046 925 2116 (Hom.
951 2046 982 2100 11.
1002 2044 1093 2099 XXIV
1112 2051 1160 2114 28,
1184 2045 1281 2116 Burip.
1301 2047 1368 2104 Tro.

189 2137 255 2205 624,
274 2136 336 2191 Η61.
355 2141 403 2202 26,
423 2135 489 2190 Η66.
511 2139 582 2204 644),
602 2135 631 2189 16
650 2135 749 2205 uolgus
769 2137 812 2189 666
831 2136 940 2201 notum,
959 2135 1026 2190 Hor.
1045 2136 1089 2190 od.
1110 2135 1148 2189 lll
1168 2141 1194 2202 6,
1214 2140 1248 2189 16
1266 2136 1368 2202 fatalis

188 2227 358 2296 1666666666
376 2226 474 2292 iader,
496 2225 627 2280 Dracont.
648 2242 669 2279 r.
688 2223 722 2278 H.
742 2231 776 2279 39
799 2225 884 2279 iader
909 2225 1015 2279 Idaeae
1037 2223 1132 2294 (Verg.
1153 2223 1368 2282 6661111666

191 2315 463 2387 Ρ6666166666666),
478 2313 620 2386 duplicem
634 2314 711 2368 uocis
727 2311 834 2368 ‘index’
852 2316 981 2368 naturam
996 2313 1067 2368 bene
1082 2313 1220 2384 expressit
1234 2312 1369 2370 Draconi.

192 2424 213 2461 r.
232 2406 268 2461 Η.
288 2411 320 2458 31
347 2405 504 2459 caelicolam
523 2409 637 2474 praetor
655 2445 681 2459 ..
700 2403 803 2457 arbiter
826 2403 911 2458 idem:
935 2402 1084 2472 conposuit
1101 2402 1179 2456 Paris
1201 2402 1282 2457 litem
1301 2403 1369 2458 dea-

192 2513 253 2549 rum
274 2493 441 2548 certantium
460 2496 489 2548 et
508 2492 706 2564 pulcritudinis
730 2491 825 2546 extitit
848 2492 961 2547 arbiter.
999 2491 1048 2545 sed
1067 2490 1138 2546 haec
1159 2492 1369 2563 comparationis

192 2601 256 2656 pars
275 2602 341 2637 num
360 2582 396 2637 ad
416 2580 552 2635 Manlium
572 2580 751 2650 aliquatenus
770 2582 892 2650 spectet,
913 2597 1050 2650 perquam
1068 2580 1184 2635 dubium
1204 2585 1261 2649 est,
1281 2581 1370 2638 immo

195 2692 251 2729 666
270 2665 354 2727 Vinia
372 2672 496 2726 formosa
513 2671 548 2724 ad
568 2688 672 2725 nouum
691 2670 822 2725 maritum
841 2670 1001 2741 profectura
1024 2673 1090 2740 apte
1109 2673 1283 2740 uenusteqne
1302 2689 1369 2728 con-

193 2766 283 2818 fertur
293 2759 396 2815 Veneri
410 2760 486 2814 omni
496 2760 589 2830 gratia
603 2777 653 2829 per
666 2761 796 2814 naturam
809 2763 839 2814 et
853 2762 941 2814 artem
955 2759 1056 2829 plenae
1070 2759 1106 2814 ad
1121 2758 1255 2815 iudicium
1269 2761 1370 2818 iturae.

194 2883 225 2891 -
247 2851 294 2920 16,
314 2850 363 2904 2⁰.
382 2849 461 2903 bona
480 2864 544 2903 curn
566 2848 643 2903 bona
661 2848 755 2903 nubet
773 2848 848 2904 alite
867 2849 968 2916 uirgo.
1003 2849 1100 2904 ‘bona'
1121 2848 1240 2904 hicnon
1259 2851 1296 2905 66
1315 2853 1369 2907 for·

192 2958 266 2995 mam
295 2942 380 3010 (qnae
408 2939 465 2992 iem
494 2936 634 3006 descripta
665 2941 719 3007 est)
748 2938 884 3008 pertinet,
918 2938 966 2993 sed
999 2938 1035 2993 ad
1067 2955 1158 2994 mores
1190 2939 1371 3011 incorruptos

192 3033 394 3098 honestosque,
417 3045 534 3097 quorum
555 3025 728 3096 praedicatio
747 3044 809 3080 cum
834 3026 885 3083 1116
904 3044 987 3098 saepe
1010 3026 1147 3098 iungitur3
1173 3029 1234 3083 Ter.
1254 3029 1370 3087 Phorm.

193 3121 206 3173 Ι
220 3127 245 3189 2,
261 3125 294 3175 66
314 3120 425 3183 boram,
444 3117 522 3172 bonis
535 3121 714 3186 propnetam,
734 3133 786 3170 nee
804 3117 863 3171 sine
879 3134 963 3172 causa
977 3118 1081 3188 ‘uirgo’
1097 3117 1222 3189 grauiter
1236 3118 1264 3172 in
1283 3119 1369 3175 finem

194 3211 236 3264 est
255 3208 402 3274 reiectum,
427 3209 486 3260 tam
510 3204 641 3259 nimirum
665 3204 701 3258 66
721 3204 889 3260 efferendam
908 3206 1100 3278 uirginitatem
1119 3207 1257 3261 intactam
1282 3225 1368 3277 quarn

195 3298 231 3353 66
249 3294 453 3351 adnectendam
473 3296 539 3363 apte
563 3293 791 3363 conparationem
815 3299 987 3365 sequentem.
1021 3313 1130 3351 summa
1150 3312 1213 3349 cnm
1232 3295 1371 3366 religione

195 3387 381 3457 captabantur
398 3381 525 3453 auspicia
543 3381 573 3435 in
592 3381 721 3437 ineundis
736 3382 853 3451 nuptiis,
874 3385 903 3437 et
921 3382 1034 3450 quidem
1049 3383 1149 3438 harum
1164 3385 1290 3455 ipsarum
1310 3387 1370 3443 die:

196 3473 403 3531 61666161
426 3479 458 3527 16
482 3473 554 3526 sitit
575 3473 633 3537 sere
654 3473 790 3542 quandam
814 3473 927 3526 maioris
944 3473 986 3526 rei
1008 3474 1065 3527 nisi
1088 3476 1233 3544 auspicata
1256 3493 1290 3531 rte
1308 3480 1371 3547 pri·

195 3567 282 3621 rtatim
302 3565 409 3634 quidem
427 3562 583 3633 perebatar,
606 3563 678 3630 quod
700 3563 858 3616 etiamnunc
881 3563 1043 3631 nuptiarum
1068 3565 1192 3634 acaptare
1214 3565 1371 3633 declarart;

196 3672 253 3710 rem
271 3656 400 3708 accurate
420 3651 535 3721 exponit
552 3649 739 3705 Rossbachius
758 3670 784 3720 p.
801 3656 854 3705 294
869 3668 927 3719 sqq.
957 3651 1109 3706 secundum
1124 3669 1256 3722 66666666
1271 3649 1370 3723 ὄρνιθι

196 3743 277 3815 αἰσίῳ
296 3742 392 3812 (Soph.
414 3742 480 3796 Oed.
499 3743 552 3810 tyr.
573 3743 618 3809 62)
637 3744 665 3794 66
684 3737 736 3794 σὺν
755 3739 867 3802 οἰωνοῖς
890 3735 1044 3809 ἀγαθοῖσιν
1064 3741 1188 3810 (1166166.
1207 3742 1240 3797 fr.
1262 3748 1312 3799 149
1332 3744 1370 3802 K

196 3836 232 3890 ab
253 3832 369 3887 6866616
389 3833 442 3899 66.)
468 3830 549 3884 ‘ales'
570 3833 599 3885 et
619 3830 706 3885 ‘auis’
727 3831 795 3900 poni
814 3847 864 3901 pro
890 3846 923 3884 66
948 3830 1021 3899 6666
1048 3832 1092 3885 666
1111 3831 1290 3902 ‘auspicium’
1311 3833 1372 3888 siue

198 3922 312 3989 ‘omen',
333 3923 428 3975 notum
448 3922 504 3987 cst,
524 3919 589 3974 Hor.
606 3919 650 3973 od.
665 3919 678 3972 I
695 3926 735 3987 16,
751 3925 767 3974 6
786 3921 861 3974 mata
879 3922 958 3975 dacis
978 3923 1028 3975 aut
1046 3921 1155 3976 6666666
1173 3920 1269 3992 ibique
1289 3923 1371 3977 bam·

196 4014 286 4068 binus.
325 4009 418 4081 pulcre
444 4011 540 4064 antem
565 4008 715 4079 copulatur
738 4010 824 4065 ‘bona
847 4027 911 4065 oum
928 4010 1030 4065 bona’:
1055 4010 1160 4080 probae
1184 4012 1214 4064 et
1235 4010 1371 4068 honestae

195 4101 298 4173 uirgini
322 4100 351 4154 di
375 4098 496 4154 secunda
518 4098 666 4167 faustaque
689 4099 788 4153 misere
812 4098 913 4154 omina.
951 4116 1035 4169 saepe
1059 4100 1099 4153 sic
1118 4099 1260 4154 internum
1279 4102 1369 4170 qnod·

197 4192 260 4245 darn
280 4189 422 4244 uinculum
442 4188 607 4259 designatur
624 4189 678 4242 hac
696 4188 876 4258 repetitione,
896 4189 983 4244 ueluti
1003 4190 1082 4244 Ouid.
1103 4190 1121 4243 f.
1141 4189 1179 4242 IV
1200 4196 1251 4245 126
1270 4197 1295 4246 et
1312 4194 1371 4260 for·

196 4296 271 4335 mosa
301 4280 392 4333 Verus
414 4281 531 4345 sommo
558 4285 674 4348 tempore
698 4280 785 4349 diona
812 4286 850 4333 est
878 4279 923 4349 (cf.
949 4282 978 4333 et
999 4279 1072 4333 infra
1095 4284 1129 4333 44
1149 4297 1203 4348 sq,
1230 4285 1280 4334 166
1300 4300 1370 4352 sqq,

197 4374 250 4424 225
265 4373 323 4437 66).
345 4399 378 4408 -
398 4367 451 4438 21,
470 4367 519 4423 22.
538 4367 657 4423 doridis
681 4367 766 4423 uelut
789 4368 907 4424 enitens
926 4369 1042 4438 myrtus
1066 4368 1138 4423 1616
1162 4369 1301 4428 malls.
1337 4389 1372 4427 ex
