2940 4912
207 333 273 396 498
661 333 788 388 uxvm·
806 341 920 390 28-29.
967 389 971 399 ,

209 493 319 546 demum
344 492 493 560 epistulam
517 491 619 546 Melius
646 493 752 546 didicit.
794 496 881 548 uerba
905 496 1043 550 ‘Veronae
1066 499 1148 565 turpe
1171 495 1282 551 Catullo
1305 496 1377 551 esee’

208 582 294 652 uulgo
323 582 362 635 ita
390 581 576 650 intellegunt,
605 584 637 634 ut
665 583 748 635 ‘esse’
779 583 822 636 bis
850 583 1031 653 intellegant:
1058 589 1141 656 turpe
1169 601 1229 640 esse
1257 584 1378 650 Catullo,

209 671 335 726 Veronae
355 687 414 746 esse
433 672 479 738 (=
498 669 603 735 uiuere,
623 672 802 738 commorari3
822 671 856 725 cf.
877 672 932 727 Cic.
952 675 987 726 ad
1008 673 1101 738 Quint.
1119 673 1153 728 fr.
1171 672 1198 726 11
1218 681 1231 727 1
1251 674 1334 728 Plato
1352 713 1377 729 ..

208 763 373 830 Epicureus,
393 761 440 828 qui
459 759 575 812 Athenis
593 760 657 813 solet
676 776 729 814 esse
747 762 881 827 multum).
921 761 983 829 alii,
1003 780 1065 817 cum
1084 763 1108 819 V
1127 762 1231 817 babeat
1250 761 1376 817 ‘catullo’

207 847 291 903 solita
314 848 502 901 litterularum
528 847 568 899 ‘o'
594 850 624 900 et
648 848 686 900 ‘s'
711 847 740 901 in
764 849 817 903 hoo
835 849 906 903 libro
926 849 1101 919 confusione,
1123 851 1198 905 hunc
1216 850 1376 906 uocatiuum

205 943 350 1007 tamquam
370 938 398 990 in
418 937 486 1005 ipsis
501 936 579 989 Malii
599 936 691 990 uerbis
708 937 811 991 adlatis
826 943 968 993 seruantes
983 940 1017 993 ed
1035 940 1138 1008 ‘turpe’
1155 939 1378 1008 subintellegunt

207 1027 283 1082 ‘est'.
321 1029 470 1092 utrumque
489 1025 621 1092 quonism
641 1026 676 1078 ab
696 1026 771 1079 omni
788 1026 988 1096 probabilitate
1003 1027 1143 1094 abhorret,
1163 1027 1267 1097 ‘turpe’
1284 1028 1377 1097 potius

206 1134 256 1185 pro
288 1115 422 1169 eduerbio
447 1116 489 1181 (ut
512 1111 585 1166 XLll
611 1115 638 1180 8)
664 1115 772 1182 accipio
795 1115 906 1183 iamque
931 1117 966 1169 ad
992 1114 1204 1171 similitudinem
1229 1116 1377 1172 locutionis

207 1203 291 1257 ‘male
308 1202 376 1256 mihi
396 1201 450 1254 est’
472 1202 560 1268 (cuius
579 1201 683 1256 similes
701 1203 804 1257 mullas
823 1204 940 1273 collegit
957 1204 1085 1259 Holtsius
1105 1209 1177 1274 synt
1196 1203 1223 1258 lI
1241 1223 1267 1275 p.
1289 1212 1305 1259 6
1324 1207 1376 1275 sq.)

206 1295 376 1361 interpretor
405 1289 445 1342 ‘in
476 1288 593 1357 indigna
616 1291 779 1345 condicione
804 1291 957 1359 hominem,
985 1293 1077 1361 qualis
1101 1297 1175 1348 esset
1198 1293 1242 1360 C.‚
1269 1294 1376 1348 uersari

206 1380 355 1434 Veronae‘.
393 1396 457 1432 nam
478 1378 502 1432 si
520 1379 699 1448 singulariter
718 1380 771 1433 hoc
791 1381 896 1434 dictum
912 1383 1005 1450 putas,
1023 1397 1078 1435 non
1092 1381 1184 1437 minus
1197 1382 1377 1452 singulariter

205 1486 233 1523 se
252 1469 339 1522 habet
357 1467 428 1520 illud
448 1467 529 1519 ‘mihi
548 1467 602 1520 fuit
621 1466 754 1535 maligne'
776 1467 800 1520 X
822 1473 862 1523 18.
883 1498 917 1508 -
935 1467 984 1540 28,
1003 1468 1053 1528 29.
1073 1469 1153 1537 quod
1171 1470 1222 1526 lrlo
1236 1470 1375 1539 qusquis

204 1558 241 1612 de
260 1557 386 1611 meliore
406 1556 477 1609 nota
496 1554 611 1621 lrlglda
630 1555 749 1610 deserte
768 1556 915 1625 tepefaclt
932 1557 1066 1612 membru
1080 1558 1185 1613 oublll.
1224 1558 1373 1629 ‘quisquis'

204 1647 271 1714 quia
290 1662 399 1715 semper
418 1647 503 1710 (certe
522 1662 585 1699 cum
603 1645 731 1713 pluribus
749 1645 843 1699 uerbis
863 1645 886 1698 si
905 1650 949 1700 est
966 1643 1104 1715 iunctum)
1118 1643 1238 1702 relatiue
1251 1650 1374 1717 ponitur,

204 1735 332 1789 absolute
357 1739 451 1788 autem
474 1735 507 1787 ut
528 1750 681 1802 pronomen
705 1732 880 1788 indefinitum
908 1736 936 1787 in
955 1735 1039 1788 certis
1057 1738 1167 1790 tautum
1186 1735 1316 1793 formulis
1334 1739 1373 1807 (in

204 1828 301 1878 neutro
322 1822 496 1890 ‘quidquid‘‚
515 1823 544 1876 in
565 1823 689 1891 ‘quoquo
710 1822 821 1890 modo’,
847 1822 979 1892 denique,
1005 1827 1038 1878 ut
1060 1840 1114 1894 ego
1136 1827 1218 1894 puto,
1244 1828 1275 1881 in
1299 1828 1373 1882 nudo

204 1912 362 1981 ‘quisquis'‚
381 1918 413 1966 ut
431 1909 487 1966 Cic.
507 1912 542 1964 ad
562 1911 627 1965 fam.
649 1911 686 1964 Vl
706 1917 730 1978 1,
751 1915 785 1978 1),
805 1910 909 1965 idcirco
928 1913 962 1966 de
988 1911 1096 1967 tradita
1119 1913 1240 1969 lectione
1263 1915 1373 1971 dubita·

203 2003 303 2054 uerunt
317 2000 442 2054 Petreius
458 1999 517 2053 siue
536 2000 594 2053 eius
614 2004 712 2053 auctor
732 1999 796 2053 ‘est’
817 2009 882 2069 post
901 2001 991 2054 ‘nota'
1012 2001 1118 2056 addens
1137 2003 1166 2055 et
1179 2001 1373 2059 lachmannns

202 2090 237 2142 ad
257 2087 336 2143 Luor.
356 2107 383 2158 p.
402 2092 453 2142 287
475 2087 589 2156 ‘quiuis’
611 2087 760 2143 coniciens.
799 2090 868 2143 haec
888 2089 1009 2145 mutatio
1028 2107 1090 2144 cum
1109 2088 1148 2144 eit
1160 2091 1373 2161 subulolontior‚

202 2196 265 2233 cum
285 2178 395 2233 Petreio
413 2178 488 2232 facio
507 2176 683 2247 (saepissime
703 2177 768 2231 ‘est’
790 2177 988 2246 compendiose
1001 2179 1134 2248 scriptum
1148 2182 1288 2252 euanuit);
1307 2201 1370 2238 nam

125 2258 131 2264 ’
202 2269 275 2336 quod
296 2267 435 2321 obiectum
457 2270 506 2333 est,
526 2266 682 2321 orationem
702 2263 845 2334 obliquam
865 2267 994 2336 flagitare
1012 2268 1105 2337 potius
1125 2269 1200 2322 ‘sit'z
1217 2279 1315 2326 notum
1330 2278 1373 2327 est

200 2356 385 2410 indicatiuum
408 2355 437 2408 in
461 2355 514 2408 hac
538 2355 629 2409 locum
648 2355 765 2422 habere,
790 2356 812 2408 si
831 2354 855 2408 is
875 2356 921 2424 qui
941 2357 1057 2411 alterius
1075 2357 1161 2411 uerba
1179 2358 1272 2412 adfert
1290 2361 1372 2415 buius

200 2446 355 2499 adsentitur
370 2445 524 2497 sententiae
535 2459 647 2510 remque
657 2460 708 2513 pro
721 2461 790 2498 uera
804 2444 884 2513 ponit
896 2445 940 2511 (cf.
951 2443 1114 2499 Kuehnerus
1123 2462 1164 2515 gr.
1174 2444 1193 2500 l.
1204 2447 1229 2500 ll
1240 2466 1264 2515 p.
1278 2454 1371 2517 1066);

200 2533 275 2602 quod
289 2550 337 2587 cur
347 2532 392 2585 hic
407 2531 465 2585 fieri
482 2547 563 2600 posse
578 2547 714 2601 negemus
730 2531 807 2585 nulle
821 2535 864 2584 est
878 2548 970 2586 causa.
995 2548 1091 2587 omues
1101 2533 1188 2602 igitur
1199 2534 1246 2588 ‘do
1255 2535 1371 2591 meliore

199 2621 278 2675 nota’
307 2621 365 2673 siue
392 2638 425 2673 ex
443 2620 628 2674 nobilioribus
656 2619 772 2674 familiis
796 2619 906 2674 oriundi
930 2624 960 2674 et
981 2620 1056 2675 bona
1078 2621 1154 2676 fama
1176 2621 1300 2676 fruontm
1325 2625 1369 2692 (cl.

201 2708 327 2762 Lambin.
347 2708 383 2761 ad
402 2708 467 2763 Hor.
488 2709 531 2764 od.
552 2709 576 2762 ll
598 2716 622 2774 3,
641 2717 671 2773 8,
698 2709 746 2777 qui
765 2726 808 2778 cp.
829 2708 883 2763 eie.
911 2710 947 2762 ad
965 2709 1031 2764 lam.
1052 2708 1105 2762 Vll
1123 2715 1157 2764 69
1176 2709 1369 2780 Sulpiciano

199 2800 297 2852 cessori
315 2814 364 2851 nos
382 2799 414 2851 dc
432 2799 539 2852 meliore
556 2804 623 2852 noto
642 2798 809 2860 commenda3
829 2797 863 2851 cf.
879 2799 909 2850 et
924 2797 1033 2851 Patron.
1050 2804 1101 2851 116
1116 2800 1277 2855 urbanioris
1290 2809 1371 2857 notae

199 2887 319 2940 honines
337 2888 367 2939 et
387 2892 436 2940 182
456 2888 600 2942 wicus
622 2893 702 2941 notae
724 2887 866 2952 homines),
885 2886 998 2940 iuuenes
1023 2886 1132 2942 scilicet
1153 2888 1275 2944 caelibes
1298 2891 1369 2945 indi·

199 2979 279 3030 cante
299 2974 446 3029 scribentis
465 2975 552 3044 ipsius
571 2979 663 3040 statu,
682 2974 809 3030 Veronae
827 2991 883 3029 uon
901 2975 1026 3044 gaudent
1043 2978 1146 3030 amoris
1166 2979 1231 3046 ungi
1250 2979 1369 3047 deliciis,

199 3065 247 3117 sed
272 3065 324 3118 soli
348 3064 441 3117 iacent
462 3064 490 3116 in
515 3064 588 3116 lecto
612 3064 709 3129 uiduo‚
739 3080 773 3117 ne
797 3063 857 3117 scil.
882 3063 999 3117 sumtis
1022 3063 1185 3132 priscaeque
1208 3065 1369 3122 seueritatis

198 3152 307 3207 ciuibus
335 3169 475 3205 rumorum
504 3167 717 3221 sermonumque
745 3168 840 3206 ansam
869 3154 1034 3220 praebeant:
1065 3151 1124 3206 Tib.
1148 3153 1162 3206 1
1184 3157 1213 3219 8,
1237 3160 1272 3208 69
1300 3173 1370 3224 quoe

198 3242 301 3309 sopore
315 3240 374 3293 solo
387 3241 515 3305 dornsiot,
529 3237 609 3308 Prop.
626 3240 663 3293 lV
679 3246 703 3307 ἵ,
723 3247 739 3294 6
753 3241 815 3294 lecti
826 3240 934 3308 frigida
947 3257 1032 3309 regno
1045 3242 1106 3308 mci,
1122 3241 1202 3296 Ouid.
1218 3242 1300 3311 epist
1316 3250 1367 3312 m

198 3331 300 3384 deserto
322 3329 465 3382 wtissem
488 3329 595 3397 frigido
617 3330 682 3385 lecto
705 3333 735 3383 ct
757 3346 810 3382 am.
834 3325 916 3394 1115,
935 3333 983 3396 42,
1007 3329 1078 3383 sut.
1101 3330 1163 3384 silu
1188 3328 1225 3383 lll
1246 3335 1271 3396 6,
1290 3336 1325 3384 60
1342 3339 1369 3387 et

197 3434 272 3471 nunc
290 3419 341 3471 illo
359 3423 428 3485 tepet
446 3418 533 3471 uideo
552 3419 624 3486 quod
641 3420 700 3472 solo
719 3419 817 3485 ostili,
840 3417 951 3472 Maxim.
971 3419 1006 3472 el.
1028 3425 1052 3485 1,
1072 3424 1105 3473 76
1121 3421 1263 3487 pomoni
1280 3421 1369 3475 uideo

196 3508 319 3578 [rigidus
341 3523 425 3574 aspice
448 3514 514 3561 toro.
552 3506 704 3562 difficultas
728 3508 783 3561 iam
807 3509 895 3560 rcstut
917 3507 945 3559 in
964 3524 1034 3561 uoce
1054 3507 1221 3576 ‘tepefacit',
1240 3524 1292 3576 pro
1311 3526 1369 3578 qua

199 3596 260 3649 ltali
278 3594 434 3664 ‘tepefecit’
451 3597 496 3649 uel
512 3596 699 3664 ‘tepefactet’‚
719 3596 889 3649 Schraderus
905 3595 1052 3664 tepefiat,
1068 3595 1262 3652 Lachmauuus
1278 3598 1366 3668 ‘iope

197 3683 290 3748 faxit’,
311 3682 447 3750 Bergkius
464 3683 640 3752 ‘tepefactet’
658 3683 808 3737 coniecere.
838 3701 934 3736 uerum
950 3683 1002 3736 elsi
1017 3683 1136 3752 ‘tepere'
1153 3685 1253 3753 suapte
1267 3688 1368 3740 natm

198 3772 280 3825 modo
303 3772 338 3825 sd
358 3769 469 3839 frigoris
489 3772 573 3826 modo
592 3771 628 3825 ad
647 3771 747 3826 caloris
767 3771 908 3825 notionem
927 3771 1055 3838 inclinat,
1079 3774 1173 3826 tamen
1195 3772 1366 3842 ‘tepefacere

197 3860 319 3928 (-ctare)'
347 3860 523 3913 solummodo
550 3859 725 3913 ‘calefacere’
752 3863 845 3927 potest
866 3856 968 3912 ualere.
1005 3857 1081 3926 quod
1103 3858 1149 3912 bic
1168 3858 1295 3928 ineptum
1314 3865 1365 3918 est

196 3966 260 4003 nem
280 3947 304 4001 si
322 3949 345 4001 is
365 3945 412 4015 qui
431 3949 505 4000 solus
525 3947 607 4001 cubat
627 3963 661 4001 ex
679 3948 776 4001 horum
796 3949 941 4014 poetarum
956 3963 1005 3999 usu
1024 3943 1134 3999 diondi
1151 3946 1247 4016 friget,
1266 3953 1366 4004 coum

195 4037 243 4105 qui
267 4037 329 4090 sinu
352 4035 448 4104 tepido
466 4038 544 4090 tenet
562 4036 682 4088 amicam
701 4034 814 4090 mollem
833 4035 927 4088 calefit
943 4032 1036 4103 (Ouid.
1055 4033 1136 4102 epist
1156 4041 1181 4100 6,
1203 4041 1268 4104 114,
1292 4055 1319 4092 ι
1337 4054 1362 4093 a.

197 4125 221 4178 ll
240 4131 315 4193 360);
335 4125 475 4193 quomodo
495 4125 608 4177 iuuenes
624 4124 797 4178 Veronenses
811 4123 864 4177 soli
878 4124 1000 4176 iacentes
1013 4120 1096 4174 simul
1110 4120 1213 4188 frigere
1227 4126 1256 4176 et
1271 4125 1364 4180 calere

195 4218 329 4283 possunt?
366 4215 435 4267 haec
458 4216 551 4266 autem
575 4228 661 4265 creusa
683 4212 767 4267 fuisse
790 4211 914 4275 uidetur,
937 4208 1012 4277 quod
1036 4207 1111 4261 docti
1129 4209 1257 4264 nonnulli
1277 4212 1363 4269 iuter·

194 4304 380 4370 pretationem
401 4301 484 4370 longe
502 4301 642 4354 diuersam
657 4301 828 4368 eandemque
843 4297 1068 4353 absurdissimam
1082 4294 1267 4363 protulerunt
1295 4317 1362 4355 num

195 4387 279 4454 ‘hic’,
303 4393 377 4456 quod
401 4408 483 4445 neruo
507 4407 561 4445 uon
584 4391 663 4447 uidet
685 4391 822 4460 pertinere
844 4388 880 4442 ad
899 4383 1063 4446 ‘Vsmnse’.
1085 4398 1118 4436 ex
1137 4380 1236 4437 llsulii
1258 4402 1362 4459 nempe
