2940 4912
184 346 249 409 612
537 342 766 399 FRAGMENTA
786 344 824 398 ΙΙΙ
844 349 921 400 1-4.
953 342 999 399 IV.

186 527 219 548 ¹-
231 507 260 562 l.
275 506 355 560 bunc
370 504 471 560 lucum
485 504 544 560 tlbl
559 504 664 561 dedico
678 518 892 578 consecroquc,
907 505 1031 576 Priapo.
1057 524 1119 561 cum
1135 508 1194 563 siue
1204 507 1264 578 ipsc
1275 511 1362 577 poeta

184 597 213 650 iu
237 612 286 650 suo
311 595 405 663 aliquo
428 594 514 649 fundo
538 592 598 648 siue
622 593 681 649 eius
706 594 811 649 amicus
834 594 972 665 hospesne
997 596 1039 664 (ut
1061 596 1191 652 similiter
1214 597 1242 651 in
1266 614 1290 653 c.
1311 597 1360 666 IV)

186 685 288 754 Priapo
304 683 477 738 sollemniter
492 683 600 738 dicaret
613 684 706 738 lucum
724 685 933 754 (Marquardtus
946 685 1053 754 antiqq.
1067 702 1136 741 rom.
1152 686 1190 739 Vl
1205 693 1231 755 3,
1244 706 1271 756 p.
1289 688 1362 754 148),

184 776 238 829 hoc
258 789 369 828 carmen
387 773 506 827 fortasse
525 773 629 828 sacello
648 772 827 843 adligandum
846 773 1031 844 compositum
1055 778 1106 829 est.
1143 775 1240 829 eadem
1264 777 1361 829 autem

186 863 272 917 uerba
290 861 337 916 hic
356 861 537 930 adhibentur,
557 862 660 930 quibus
678 862 785 916 Itomae
806 862 919 931 publice
939 864 968 916 in
986 863 1098 934 templis
1121 864 1228 918 numini
1247 863 1360 918 cuidam

187 949 329 1006 tradendis
347 951 389 1004 uti
404 949 545 1017 solebant;
564 948 749 1020 magistratus
765 951 877 1006 nomine
891 952 960 1021 reip.
975 951 1195 1021 dedicabant,
1214 954 1363 1023 pontifices

185 1040 230 1095 dei
250 1038 362 1095 nominc
382 1039 636 1094 consecrabant
654 1039 761 1106 aedem,
781 1056 851 1108 quac
871 1039 927 1094 iam
947 1055 980 1093 ex
998 1040 1058 1094 iure
1071 1041 1193 1096 humano
1208 1041 1362 1110 diuinoque

185 1130 214 1184 in
238 1129 441 1200 possessiouem
462 1127 545 1183 cessit
562 1127 686 1182 numinis
705 1144 839 1197 sacraque
859 1129 904 1183 est
921 1127 1009 1196 factm
1033 1130 1066 1186 cf.
1087 1129 1284 1199 Marquardtus
1303 1130 1322 1187 l.
1343 1132 1361 1185 l.

186 1238 213 1290 p.
233 1226 285 1274 269
305 1236 364 1287 sqq.
385 1249 417 1257 -
438 1217 466 1271 2.
486 1230 546 1284 qna
564 1216 669 1271 domus
689 1217 742 1271 tna
761 1215 918 1285 Lampsaci
936 1218 985 1272 cst
998 1230 1115 1286 quaque
1130 1217 1251 1287 Priape.
1288 1220 1362 1275 haec

187 1309 216 1363 in
235 1309 288 1362 fine
307 1308 404 1376 aperte
424 1304 559 1360 lacunosa
572 1321 628 1359 nou
643 1305 684 1359 ita
698 1303 819 1359 feliciter
833 1304 899 1359 olim
915 1306 1093 1375 supplebant.
1129 1306 1220 1361 ueluti
1234 1307 1362 1379 Scaliger

186 1397 226 1452 sic
250 1395 373 1450 scribens
398 1395 520 1464 ‘quaque
539 1391 625 1461 silua,
649 1392 762 1463 Priape'
788 1392 844 1447 dici
866 1394 979 1462 putauit
1002 1411 1057 1449 non
1079 1394 1162 1448 nimis
1181 1398 1247 1466 apte
1267 1397 1361 1452 lucum

187 1484 335 1555 Lampsaci
354 1501 371 1537 a
390 1482 502 1537 Catullo
521 1481 581 1536 siue
601 1498 652 1536 suo
672 1481 731 1536 sinc
746 1481 866 1551 hospitis
880 1482 991 1537 nomine
1006 1482 1102 1539 dicari.
1139 1502 1196 1553 qna
1209 1485 1237 1539 in
1251 1486 1362 1542 ratione

187 1574 255 1643 quid
274 1572 327 1628 sibi
346 1571 418 1627 uelit
436 1571 515 1640 ‘qua’
536 1588 591 1626 non
610 1570 786 1641 perspicitur.
823 1589 882 1626 rem
900 1588 955 1626 acu
972 1572 1068 1642 tetigit
1085 1573 1274 1629 Buechelerus
1294 1575 1362 1643 (ind.

187 1664 265 1719 lectt.
285 1661 500 1729 Bonn.18‘18s79
517 1679 542 1730 p.
554 1661 599 1728 26)
615 1677 679 1715 uere
694 1661 844 1715 emendans
856 1661 978 1730 ‘quaque
991 1660 1055 1731 lege
1065 1661 1182 1732 Priapi’:
1196 1663 1295 1718 eadem
1311 1667 1364 1721 sub

187 1753 259 1823 lege,
278 1767 334 1821 qua
352 1749 502 1821 Lampsaci
521 1749 607 1818 (qnod
625 1748 732 1820 Mysiae
751 1749 886 1819 oppidum
904 1750 940 1805 ob
959 1749 1006 1804 dei
1018 1751 1119 1806 salacis
1133 1753 1237 1807 cultum
1254 1755 1362 1809 nobile:

187 1842 289 1896 Athen.
309 1841 320 1894 l
340 1847 383 1907 23,
402 1840 483 1895 Paus.
504 1838 543 1893 IX
562 1845 604 1906 31,
625 1844 650 1906 9,
670 1838 751 1893 Ouid.
771 1838 789 1892 f.
810 1838 848 1892 VI
863 1844 915 1894 346
929 1841 958 1893 et
972 1841 1005 1894 tr.
1021 1838 1034 1891 l
1049 1845 1091 1907 10,
1106 1846 1148 1907 at,
1168 1840 1260 1911 Priap.
1275 1848 1318 1910 55,
1334 1847 1362 1913 e)

187 1935 217 1985 et
235 1946 292 1999 qna
309 1928 404 1999 Priapi
422 1929 508 1999 (qnod
528 1930 557 1983 et
574 1927 666 1998 ipsum
686 1929 730 1982 est
745 1927 851 1997 Mysiae
871 1928 1003 1998 oppidum
1023 1928 1059 1982 ad
1072 1928 1245 1999 Propontida
1264 1932 1364 1987 situm:

188 2018 289 2075 Strabo
317 2037 344 2088 p.
368 2023 419 2072 587
445 2012 592 2095 ἐπώνυμος
615 2012 643 2070 d'
670 2013 728 2072 ἐστὶ
750 2018 800 2071 τοῦ
823 2015 957 2086 Πριάπου
980 2016 1138 2087 τιμωμένου
1160 2015 1231 2088 παρ’
1255 2015 1364 2088 αὐτοῖς)

187 2107 348 2162 dedicatum
374 2108 623 2175 consecratumque
651 2105 705 2160 tibi
732 2109 775 2161 cst
798 2106 942 2175 templum.
984 2107 1097 2177 saepius
1119 2113 1364 2166 conmemorantur

188 2198 241 2252 hac
251 2195 420 2266 templorum
435 2195 676 2263 dedicationisque
691 2195 777 2264 leges,
792 2195 892 2264 quibus
904 2194 1145 2251 constituebantur
1155 2198 1223 2253 fines
1232 2199 1363 2254 fanorum

188 2289 217 2341 ct
239 2287 300 2341 iura
319 2302 352 2341 ac
370 2285 476 2340 reditus
494 2285 633 2353 ritusque:
659 2285 725 2340 ClL.
744 2284 784 2338 llI
805 2291 872 2340 1933
892 2290 992 2341 ceterae
1011 2287 1078 2356 lepos
1094 2287 1160 2342 buic
1177 2305 1244 2343 aruc
1257 2291 1364 2345 eaedem

187 2382 277 2443 santo,
295 2393 365 2446 pace
383 2392 450 2430 aroc
463 2375 578 2430 Dianae
590 2380 655 2437 sant
669 2376 701 2429 fn
714 2375 855 2431 Auentino
869 2380 957 2431 oronte
970 2376 1070 2430 dictor:
1088 2377 1160 2432 bisce
1173 2378 1277 2447 lapibus
1290 2379 1365 2434 bisce

187 2465 343 2534 ropionibus
362 2466 402 2520 sic
419 2465 463 2519 ati
480 2465 544 2518 dixi
561 2466 633 2518 burte
651 2464 703 2519 tibi
721 2481 808 2531 oram,
829 2465 959 2534 Iuppiter
976 2465 1074 2534 optim
1092 2468 1222 2532 inaximo,
1246 2469 1283 2522 do
1300 2470 1365 2524 dico

187 2556 345 2624 dedicoqac3
365 2554 563 2623 Marquardtus
582 2554 600 2608 l.
620 2554 638 2610 l.
658 2572 685 2623 p.
705 2559 766 2608 ael.
787 2585 820 2594 -
839 2553 869 2625 3,
888 2553 919 2608 4.
937 2567 1004 2608 nam
1023 2553 1054 2609 te
1074 2554 1282 2624 praecipitatu
1298 2557 1364 2612 suls

187 2643 315 2698 urbibus
335 2643 411 2698 collt
429 2657 485 2698 ora
503 2643 715 2712 Hellespontia
733 2643 845 2698 cctcrls
864 2643 1028 2699 osirloslor
1047 2641 1120 2698 orls.
1157 2643 1226 2698 hacc
1244 2646 1315 2712 puta
1334 2644 1364 2699 in

188 2731 300 2801 integro
328 2733 451 2787 carmine
475 2749 525 2802 per
547 2730 727 2801 parenthesin
755 2747 816 2787 esse
844 2731 954 2786 adiecta
977 2730 1019 2799 (cf
1039 2729 1124 2784 XLIV
1148 2735 1164 2783 2
1188 2734 1275 2799 sqq.),
1306 2750 1364 2801 qua

189 2821 336 2891 exponitur
354 2837 402 2874 cnr
417 2821 473 2875 sint
488 2821 711 2875 conmemoratae
726 2820 894 2890 Lampsacus
910 2822 939 2875 et
952 2818 1076 2888 Priapus.
1105 2821 1229 2873 ceterum
1244 2820 1364 2889 pluralis

191 2909 328 2964 ‘urbibus’
350 2909 433 2979 plane
449 2911 594 2965 confirmat
608 2909 733 2963 additam
748 2926 766 2963 a
782 2908 951 2963 Buechelero
965 2908 1097 2976 Priapum
1111 2907 1216 2964 urbem.
1254 2912 1283 2963 et
1298 2927 1361 2965 cum

189 3001 279 3054 totam
303 3015 355 3068 per
373 3014 450 3053 oram
470 2997 646 3066 Hellesponti
665 2998 733 3051 deus
751 2997 816 3052 hinc
834 2996 1073 3065 Hellespontiacas
1091 2996 1208 3049 uocatus
1227 2996 1321 3063 (Ouid.
1342 3000 1362 3053 f.

188 3088 201 3141 l
220 3094 273 3142 440
292 3091 322 3142 et
340 3088 379 3142 Vl
398 3093 459 3153 343,
479 3086 562 3156 Verg.
581 3086 612 3142 G.
632 3085 671 3139 IV
687 3092 747 3154 111,
767 3087 878 3141 Patron.
900 3092 959 3152 139,
978 3083 1279 3151 Amob.11110),rum
1295 3104 1363 3142 uero

189 3175 335 3246 Lampsaci
368 3177 397 3229 ct
429 3173 523 3243 Priapi
556 3174 708 3230 colebatur.
756 3190 831 3255 puae
864 3191 913 3229 ora
945 3173 1020 3242 quod
1052 3173 1201 3228 exornatur
1232 3173 1363 3242 epitheto

190 3265 367 3330 ‘ostriosior',
386 3267 461 3318 recte
475 3280 504 3317 sc
519 3263 614 3328 habet,
634 3262 771 3331 siquidem
787 3263 944 3332 complures
959 3260 1132 3331 Hellesponti
1147 3260 1230 3314 urbes
1244 3268 1364 3331 propter

189 3357 282 3409 ostrea
297 3351 418 3422 plurima
428 3354 508 3407 eraut
517 3349 634 3418 nobiles,
649 3350 769 3406 maxime
780 3351 894 3421 Abydus
904 3352 1056 3420 (Archestr.
1071 3368 1114 3419 ap.
1125 3349 1223 3403 Athen.
1239 3348 1277 3401 lll
1287 3357 1322 3405 92
1334 3354 1363 3422 d,

189 3442 295 3497 Ennius
323 3441 443 3512 hedyplu
467 3447 496 3509 2,
525 3440 609 3510 Verg.
639 3438 670 3496 G.
699 3443 711 3496 Ι
734 3445 798 3510 207)
827 3443 856 3496 et
883 3439 1011 3510 Cyzicos,
1039 3455 1108 3508 quse
1135 3442 1254 3493 ostrcoso
1280 3440 1363 3498 audit

189 3534 281 3602 l‘riap.
303 3539 345 3599 76,
367 3538 398 3586 13
418 3530 500 3602 (Plin.
521 3531 547 3584 h.
566 3549 592 3585 n.
612 3528 717 3585 XXXII
731 3533 784 3599 62).
822 3532 944 3586 ceterum
960 3547 1027 3585 casu
1041 3531 1131 3583 crtum
1146 3528 1264 3594 uidetur,
1284 3532 1363 3599 quod

189 3625 219 3678 et
237 3641 282 3678 uu.
305 3630 327 3690 1,
347 3628 363 3675 2
383 3625 413 3676 et
431 3629 455 3689 9,
475 3626 491 3674 4
510 3620 538 3674 in
559 3619 663 3675 cisdem
683 3620 816 3675 desinunt
834 3618 994 3685 uocabulis3
1013 3617 1049 3672 ad
1065 3617 1125 3672 ‘ora
1138 3614 1238 3671 ceteris
1252 3618 1308 3673 oris
1322 3621 1360 3674 o.'

190 3711 224 3767 ci
244 3709 303 3766 CXI
323 3717 347 3766 2.

261 3800 313 3857 IV.
332 3800 369 3856 de
387 3814 453 3856 meo
472 3799 621 3867 ligurrtre
641 3799 737 3855 libido
757 3800 814 3855 est.
851 3799 903 3853 hoc
922 3797 1107 3866 fragmentum
1126 3793 1217 3848 Nouio
1232 3793 1361 3850 debitum

189 3891 218 3945 in
242 3891 340 3944 eodem
359 3907 414 3958 quo
433 3890 465 3944 fr.
486 3888 522 3942 lll
543 3887 660 3960 Priapso
679 3889 783 3943 lectum
803 3886 858 3941 fuit
882 3890 958 3955 (ucrc
976 3883 1086 3937 Lachm.
1110 3881 1138 3936 in
1158 3881 1243 3937 Nouii
1266 3885 1361 3940 uerbis

193 3978 331 4034 ‘Catullus
350 3979 477 4048 priapco'
498 3978 632 4032 correxit:
652 3995 735 4046 saepo
755 3977 795 4030 sic
813 3973 991 4045 grammatici
1009 3973 1109 4043 poetas
1128 3971 1216 4025 nostri
1234 3973 1362 4028 carmina

190 4069 320 4123 adferunt
337 4069 489 4123 secundum
507 4067 647 4136 motuum).
685 4065 708 4118 is
728 4065 776 4134 qni
795 4064 888 4120 lucum
907 4062 1050 4117 dedicauit
1067 4060 1096 4114 iu
1115 4061 1169 4114 fine
1188 4058 1271 4113 buius
1291 4079 1357 4130 poc-

190 4158 274 4212 matis
293 4161 358 4227 apte
378 4157 522 4211 inuocassc
541 4155 652 4210 uidetur
670 4155 745 4224 agris
765 4154 888 4208 hortisue
908 4152 964 4206 suis
983 4149 1100 4204 tutelam
1120 4146 1175 4203 dei.
1212 4148 1286 4202 unde
1301 4150 1360 4206 fero

190 4245 319 4315 suppleo:
345 4244 440 4316 ‘<arce
457 4247 460 4310 Ι
477 4244 563 4311 fures,
587 4244 650 4312 quis
673 4241 768 4314 malo>
791 4242 817 4295 d.
842 4260 877 4296 m.
902 4239 919 4293 l.
943 4238 962 4292 1.
987 4237 1049 4292 cst'.
1087 4253 1150 4289 nam
1175 4235 1229 4289 boc
1247 4237 1323 4293 suros
1342 4258 1361 4295 a

190 4334 316 4404 frugibus
339 4333 507 4387 defendendi
525 4332 646 4388 officium
666 4348 749 4400 quam
768 4329 887 4383 maximo
906 4327 957 4380 deo
976 4324 1062 4379 salaci
1081 4320 1164 4375 fuisse
1182 4320 1359 4394 impositum,

191 4437 287 4478 omnes
310 4420 409 4477 sciunt
448 4421 509 4477 Ter.
534 4420 586 4476 Ad
605 4421 618 4475 l
637 4427 662 4487 2,
681 4427 714 4474 37
733 4420 859 4482 obmat,
880 4417 972 4484 potat,
993 4412 1044 4467 obt
1062 4414 1213 4481 saporato:
1237 4412 1272 4467 de
1291 4430 1359 4484 asco,
