2940 4912
209 296 275 361 304
697 296 757 351 LXI
777 303 890 353 'ro-78.

208 457 315 511 tatibus
338 458 472 526 societas,
497 457 598 511 desunt
620 473 692 525 qnae
711 473 744 510 ex
762 455 816 511 hac
834 474 928 511 rursus
951 457 1143 527 profluxerunt
1160 456 1224 510 iura
1241 457 1338 510 omnia
1356 458 1386 510 et

206 543 366 615 respublica
386 545 457 599 bene
477 543 630 600 constituta
647 544 812 616 legibusque
827 544 973 600 moderate
987 543 1125 614 certisque
1139 544 1241 598 finibus
1256 561 1384 615 compre-

208 635 307 704 hensa,
332 634 411 689 deest
428 634 548 703 denique
572 635 624 688 hos
642 634 710 688 fines
729 634 941 689 contrahentes
960 632 1129 688 defendendi
1147 650 1227 688 amor
1245 635 1385 703 ardorque

209 722 323 791 ciuium,
342 724 390 792 qui
409 723 465 777 iam
485 723 555 777 nulli
575 725 648 777 sunt.
685 723 793 777 indicat
810 723 884 778 enim
905 722 1070 793 ‘praesides'
1091 724 1198 778 tutores
1213 723 1385 778 defensores-

209 829 273 881 que,
292 813 325 866 ut
343 812 435 868 Plaut.
451 811 522 867 itud.
539 812 576 865 lV
590 817 616 880 4,
632 819 647 867 7
666 814 712 879 ite,
729 815 851 882 iuquam,
871 814 979 867 ἀοιιιιιιιι
998 813 1076 868 umbo
1090 813 1147 866 ram
1160 829 1236 866 nunc
1253 829 1288 866 ec·
1305 829 1385 881 prue-

208 902 281 956 er'dio
289 903 437 971 praesideo,
449 901 510 955 Lin.
520 900 610 955 XXIII
621 907 670 968 483
685 900 805 956 maxime
815 901 931 956 numina
940 900 1075 957 tutelaria
1085 900 1228 971 praesides
1238 905 1330 955 terrae
1340 900 1387 956 dei

213 989 436 1060 appellabantur.
462 989 631 1045 modestiore
642 991 726 1046 modo
740 1006 790 1060 per
800 991 884 1060 ‘quae
899 995 995 1045 careat
1010 1033 1033 1046 ..
1049 1004 1104 1044 non
1119 992 1206 1058 queat
1219 990 1262 1057 (at
1274 990 1384 1059 queat)’

210 1080 280 1134 haec
298 1079 406 1150 profert
423 1081 509 1148 poeta
527 1095 582 1132 non
602 1079 721 1147 nescius,
741 1096 770 1134 se
790 1081 887 1150 utpote
902 1079 1060 1134 Romanum
1077 1078 1118 1132 sic
1137 1077 1241 1132 sentire
1258 1094 1293 1131 ac
1307 1079 1386 1148 loqui

210 1185 262 1223 nec
285 1167 381 1222 deesse
405 1170 504 1237 gentes
528 1168 585 1223 alio
604 1185 681 1223 more
700 1168 835 1223 uiuentes.
857 1200 889 1208 -
909 1167 989 1223 finito
1008 1166 1097 1222 sicin
1116 1183 1225 1221 summa
1242 1169 1386 1237 potestate

208 1256 364 1326 Hymenaei
387 1256 492 1325 hymno
516 1275 602 1324 nunc,
626 1255 708 1326 qnasi
731 1256 777 1311 dei
800 1256 976 1327 praesentiae
990 1261 1082 1312 certus
1096 1255 1146 1324 sit,
1170 1255 1205 1309 ad
1220 1272 1280 1309 rem
1295 1257 1386 1324 ipsam

211 1344 418 1414 transgreditur
436 1344 460 1399 ie
479 1345 527 1413 qui
545 1345 632 1400 uerba
651 1346 727 1414 facit,
747 1362 848 1401 nouam
868 1346 985 1415 nuptam
1005 1343 1158 1400 admonens
1172 1347 1205 1398 nt
1219 1360 1252 1398 ex
1266 1348 1387 1414 paterna

208 1432 292 1488 domo
308 1451 370 1488 cum
385 1451 489 1503 pompa
503 1433 915 1504 suaprodeatincipiatqueire
925 1434 961 1488 ad
971 1433 1111 1489 maritum.
1127 1463 1161 1472 —
1177 1433 1225 1503 te,
1241 1433 1289 1488 tt.
1304 1433 1386 1488 clau·

209 1522 275 1576 stra
289 1522 412 1591 pendite
427 1522 546 1594 tannae,
561 1522 652 1590 uirgo
667 1523 749 1578 ades.
769 1540 834 1578 uere
849 1524 962 1578 omnino
977 1521 1148 1578 Schraderns
1162 1523 1284 1577 correxit
1294 1522 1385 1577 ‘ades’

206 1610 244 1679 (h.
269 1627 292 1666 e.
320 1611 429 1679 adesto,
455 1612 487 1665 ut
504 1610 579 1665 LXII
597 1617 622 1680 5,
641 1612 724 1681 Verg.
745 1612 797 1666 ecl.
816 1617 845 1679 2,
862 1618 897 1665 lo
915 1614 944 1666 et
962 1615 1058 1680 saepe)
1076 1626 1128 1681 pro
1146 1611 1250 1666 tradito
1271 1608 1385 1666 ‘edent’.

207 1715 301 1768 neque
320 1699 393 1754 enim
413 1701 469 1754 iam
485 1701 567 1755 adest
579 1701 659 1770 uirgo
674 1698 724 1769 ibi,
742 1700 790 1755 ubi
805 1700 955 1771 flagitatur,
974 1700 1023 1755 sed
1038 1702 1071 1754 ut
1084 1699 1159 1754 adsit
1172 1701 1287 1755 tandem
1302 1718 1385 1770 roga·

214 1789 258 1842 tur
276 1780 429 1844 identidem
449 1791 606 1859 periciam
626 1807 698 1858 qnae
717 1790 844 1859 sequitur
861 1792 970 1860 purtem
990 1780 1035 1858 (cf.
1056 1806 1082 1844 u.
1102 1789 1311 1857 intercalarem,
1336 1788 1387 1858 qni

208 1877 290 1932 huins
314 1877 403 1947 partis
427 1877 548 1933 indolem
573 1879 678 1946 reddIt,
703 1877 833 1948 ‘prodeas
856 1896 931 1932 nona
953 1879 1069 1948 rupta').
1108 1882 1137 1933 et
1159 1880 1191 1932 ut
1216 1879 1268 1933 hoc
1289 1879 1326 1934 ‘u
1346 1879 1384 1933 α’

208 1966 308 2021 altiore
332 1983 400 2022 uoce
425 1965 527 2021 dicitur
550 1966 587 2019 ad
604 1966 727 2037 puellam
747 1966 911 2036 ponefores
930 1964 1051 2021 inustio
1071 1965 1131 2019 sine
1151 1966 1181 2019 in
1199 1967 1273 2020 atrio
1292 1984 1383 2022 remo·

207 2059 325 2124 rentem,
345 2055 387 2111 Ita
405 2055 446 2124 acl¹
461 2055 604 2110 ministros
618 2056 772 2118 adstantes,
791 2054 840 2125 qui
854 2054 890 2110 ad
905 2055 1011 2110 domini
1026 2056 1126 2125 (patris
1142 2054 1264 2125 puellae)
1283 2058 1384 2111 nutum

208 2144 333 2214 aperturi
352 2147 417 2199 sunt
434 2144 516 2213 fores,
535 2160 568 2199 ex
588 2144 688 2212 quibus
704 2160 808 2213 pompa
821 2145 955 2214 nuptialis
969 2147 1012 2199 eet
1025 2142 1180 2214 proditura,
1199 2143 1386 2213 inpatientior

209 2237 373 2304 praecentor
392 2233 461 2288 haec
479 2234 567 2288 uerba
586 2234 663 2301 facit,
682 2236 715 2288 ut
733 2235 857 2288 claustro
876 2235 934 2288 siue
954 2249 1073 2301 eaquae
1088 2230 1230 2300 claudunt,
1249 2235 1387 2304 repagula

210 2326 238 2376 et
255 2321 360 2391 obices,
380 2325 505 2378 reserent
523 2323 612 2378 etita
630 2323 743 2376 ianuam
762 2323 947 2392 patefaciant,
968 2322 1050 2376 Ouid.
1065 2339 1119 2375 um.
1135 2323 1145 2375 1
1165 2327 1190 2388 6,
1210 2326 1226 2374 2
1244 2323 1388 2390 difficilem

207 2419 279 2468 moto
297 2414 411 2468 cardine
424 2414 519 2481 ponde
536 2413 631 2480 swam,
651 2413 759 2467 Petron.
780 2417 813 2466 89
833 2410 933 2465 Danai
950 2412 1080 2466 relaxant
1097 2411 1220 2466 oleastro
1252 2410 1346 2479 (Ouid.
1367 2410 1386 2466 l.

208 2501 226 2555 l.
253 2507 311 2569 17),
341 2500 389 2556 Sil.
414 2499 477 2556 Ital.
501 2500 552 2555 Vll
576 2506 629 2554 ³34
656 2506 772 2555 reeomt
795 2517 848 2570 quo
870 2502 1004 2556 cluudrc:
1034 2502 1153 2569 apparet
1176 2518 1239 2554 cnm
1262 2502 1385 2570 quadarn

209 2589 436 2659 breuiloquentia
454 2591 524 2644 duas
541 2589 697 2645 locutiones
716 2606 778 2644 esse
798 2589 935 2643 confusas.
956 2621 988 2630 —
1011 2589 1059 2660 tt,
1079 2588 1126 2644 78.
1145 2589 1236 2645 uiden
1249 2590 1285 2644 ut
1304 2590 1388 2645 Iaces

210 2678 384 2749 splendidas
403 2677 546 2746 quatlunt
564 2676 681 2733 cumaei
719 2693 811 2732 nonne
830 2675 917 2742 uides,
937 2695 1021 2746 quam
1041 2678 1137 2732 omnia
1155 2680 1184 2732 te
1198 2680 1385 2748 prodeuntem

208 2769 358 2837 expectent
375 2766 412 2820 ad
431 2766 645 2821 deductionem?
666 2767 701 2820 ad
720 2766 844 2836 puellam
863 2766 933 2821 haec
947 2782 1058 2836 quoque
1073 2764 1150 2822 dicta
1163 2766 1277 2837 putabis
1291 2768 1387 2837 aptius

208 2874 292 2926 quam
307 2856 335 2908 in
350 2857 524 2921 uniuersum
542 2873 607 2911 nam
622 2854 694 2910 illud
709 2856 816 2910 ‘uiden’
834 2856 871 2921 (h.
887 2872 910 2909 e.
926 2855 1049 2922 uidesne,
1066 2857 1100 2910 cf.
1117 2855 1222 2910 Neuius
1236 2855 1262 2909 Il
1277 2875 1304 2927 p.
1319 2862 1385 2927 435)

209 2948 303 3016 potest
326 2959 392 2998 sane
416 2943 501 2998 etiam
526 2943 562 2996 ad
586 2945 744 3014 complures
768 2943 919 3015 pertinere,
948 2946 980 2998 ut
1003 2943 1079 2998 LXII
1103 2949 1128 3012 8,
1154 2945 1214 3000 Tib.
1242 2943 1265 2997 ΙΙ
1290 2952 1319 3012 1,
1342 2952 1386 3000 25.

209 3038 331 3088 ceterum
357 3031 454 3086 ‘niden
477 3034 510 3087 nt
533 3034 578 3100 (=
602 3033 765 3101 quomodo)'
793 3032 962 3088 recentiores
982 3034 1102 3089 maxime
1122 3051 1183 3088 curn
1204 3031 1387 3089 coniunctiuo

209 3121 281 3189 (Tib.
305 3122 324 3176 l.
349 3122 381 3186 l.,
405 3121 453 3174 ubi
473 3139 497 3173 u.
519 3120 693 3188 Huschlrins,
718 3122 766 3177 Sil.
786 3122 847 3177 Ital.
868 3121 919 3176 XII
939 3129 989 3177 773
1009 3124 1094 3177 uiden
1113 3129 1143 3177 ut
1162 3123 1285 3177 Itutonio
1304 3125 1385 3194 scirpo

208 3227 335 3265 uocemue
353 3211 462 3279 quatiat
480 3210 681 3279 Pblepetlsontis
698 3213 807 3282 perpete
825 3211 962 3280 taedas?),
983 3211 1152 3266 uetustiores
1170 3217 1215 3283 (ut
1233 3211 1386 3283 praecipue

209 3299 319 3368 comici)
339 3316 399 3352 cnm
420 3297 574 3351 iudicatiuo
594 3297 708 3368 iungere
728 3301 832 3368 amant,
852 3301 884 3353 ut
903 3299 978 3352 LXII
997 3303 1021 3368 8,
1042 3299 1386 3370 Verg.Aen.VI'179sq.

209 3388 311 3456 (Bentl.
332 3387 369 3443 ad
387 3388 453 3442 Hor.
474 3386 553 3456 epist¹
575 3387 586 3440 I
609 3394 632 3456 1,
652 3391 710 3458 91);
730 3388 769 3441 nio
789 3391 818 3441 et
837 3389 942 3443 ‘uidete
961 3389 1058 3458 quam'
1079 3389 1249 3444 constmitnr
1266 3389 1296 3443 in
1311 3390 1387 3462 frag·

209 3485 304 3532 mento
324 3477 353 3532 C.
373 3476 492 3532 Gracchi
512 3477 586 3546 apnd
606 3475 712 3532 Charis.
732 3497 759 3547 p.
780 3484 832 3532 240
852 3478 883 3532 X.
903 3495 952 3543 em,
970 3479 1068 3546 uidete,
1087 3496 1168 3548 quum
1179 3496 1236 3547 por
1248 3482 1315 3549 puri
1329 3497 1385 3535 non

209 3573 265 3622 etat
280 3564 365 3636 (‘pari
381 3565 474 3620 sinon
489 3566 531 3620 et'
548 3566 644 3632 codex,
659 3567 779 3636 perrexit
794 3566 995 3637 grammaticus
1009 3585 1059 3636 per
1071 3567 1230 3638 ‘quidam’).
1259 3568 1388 3624 uibratae

210 3657 245 3710 ed
269 3673 381 3710 nereum
407 3654 603 3710 intercalarem
624 3656 699 3710 iaces
718 3656 764 3726 (cl.
784 3657 820 3710 ad
842 3658 885 3724 15)
905 3656 986 3711 iubar
1005 3654 1063 3711 Iste
1082 3673 1231 3711 coruscans
1250 3662 1389 3728 spargunt

210 3745 399 3813 einittuntqnc
430 3745 548 3799 ‘comae'
580 3745 638 3799 siue
669 3744 796 3810 ‘crines',
822 3743 944 3816 imagine
968 3745 1052 3800 ualde
1075 3746 1221 3815 adamata,
1249 3747 1279 3802 in
1302 3766 1387 3817 qnam

209 3834 366 3890 Gronouins
385 3833 480 3904 [diatr.
501 3834 572 3888 Stat.
591 3833 604 3885 Ι
624 3853 649 3903 p.
670 3839 722 3888 506
742 3833 789 3905 Η.]
809 3834 882 3889 inter
901 3836 959 3889 alla
973 3851 1015 3905 cp.
1032 3834 1094 3898 Sen.
1110 3836 1177 3890 (led.
1193 3842 1246 3891 509
1259 3843 1389 3892 etnim

209 3925 302 3979 cleirac
320 3924 394 3992 ienis
411 3929 435 3975 et
449 3925 557 3978 nitidus
570 3925 643 4001 stetit
658 3966 664 3978 .
682 3967 687 3977 .
703 3929 727 3978 et
741 3939 874 3978 summum
888 3926 919 3978 in
934 3941 1018 3979 ouras
1032 3927 1113 3991 susus
1127 3927 1260 3995 explicuit
1273 3943 1387 3995 comam,

210 4013 272 4067 Val.
288 4012 378 4066 Flecc.
396 4010 407 4063 l
422 4018 475 4067 205
490 4013 609 4082 preteriit
624 4017 654 4065 ul
669 4013 770 4067 crinem
787 4055 811 4066 ..
826 4014 909 4082 ipsis,
928 4012 976 4067 Sil.
991 4012 1054 4067 Ital.
1070 4013 1095 4067 X
1110 4021 1162 4068 550
1181 4017 1389 4085 recompensem

209 4105 370 4171 flammaque
388 4107 537 4155 comantem
556 4100 700 4170 (AStutius
720 4120 762 4172 cp.
780 4103 876 4156 Aesch.
893 4103 944 4174 Ag.
964 4109 1017 4157 305
1032 4100 1138 4172 φλογὸς
1152 4101 1242 4173 μέγαν
1256 4101 1389 4174 πώγωνα,

211 4189 330 4259 Vulpiua
350 4189 387 4244 id.
408 4187 499 4244 Prom.
522 4196 589 4244 1044
608 4187 698 4258 πυρὸς
716 4186 850 4260 ἀμφήκης
870 4189 1041 4265 βόστρυχος).
1064 4224 1089 4231 —
1114 4196 1178 4263 post
1196 4211 1222 4248 u.
1243 4200 1276 4248 78
1291 4199 1388 4264 aperte

210 4277 347 4332 nonnulla
361 4279 575 4344 interciderunt;
595 4297 659 4333 nam
675 4278 748 4335 uelle
763 4281 911 4336 restItnere
926 4281 1059 4350 atrophen
1077 4280 1216 4352 integram
1230 4300 1257 4338 u
1271 4287 1307 4337 80
1321 4299 1387 4339 auc·

210 4369 271 4422 tore
288 4367 469 4422 Lachmanno
484 4368 624 4423 reiciendo
639 4368 667 4422 in
684 4369 811 4424 lacunam
828 4369 907 4424 illam
921 4375 1023 4439 postu.
1041 4376 1100 4438 105,
1115 4371 1144 4425 id
1158 4388 1224 4426 uero
1239 4372 1388 4442 etinopor·
