2940 4912
151 275 214 337 116
669 272 693 326 x
714 279 826 326 11-rs.

151 434 274 488 lumento
299 431 462 487 sententiae.
503 448 568 486 nam
592 435 719 486 remanet
736 431 821 497 illud,
840 432 916 500 quod
938 430 1054 500 Bithyni
1077 430 1147 483 nihil
1171 429 1322 498 possidere,

149 522 270 576 Romani
294 521 363 575 nihil
388 520 462 591 apud
488 538 536 575 eos
560 521 614 575 sibi
637 536 826 589 comparasse,
850 520 924 574 unde
948 538 970 573 c.
990 538 1016 573 u.
1037 521 1184 584 referrent,
1208 519 1322 572 dicendi

149 614 221 665 sunt.
250 610 350 665 omitto
370 614 557 664 commentum
573 609 683 664 AStatii
703 608 785 662 ‘mihi
802 593 893 677 neque
912 608 989 678 ipsi’.
1017 607 1210 678 Westphalius
1229 607 1323 662 uoluit

150 699 231 753 ‘nihil
252 714 340 766 neque
359 697 427 766 ipsis
445 715 518 751 nnnc
537 697 726 767 praetoribus'
749 715 820 765 eqa,
843 697 917 751 male
936 704 966 750 et
985 698 1089 752 ‘nunc’
1111 697 1202 751 multo
1220 695 1321 752 fortius

149 789 305 856 adaequare
325 790 427 856 putans
446 785 516 838 illud
535 805 562 840 u.
583 793 598 840 ‘l
620 786 698 841 ‘iam’
726 788 754 839 et
772 789 852 840 extra
869 786 963 841 sedem
983 785 1046 840 uitii
1064 786 1225 856 procedens.
1263 785 1322 840 iam

148 896 211 933 cum
235 874 487 947 palaeographicae
512 875 627 930 rationis
651 875 745 943 gnaris
771 877 879 943 pateat,
903 873 932 927 in
958 874 1097 944 scriptura
1120 875 1205 928 ‘nihil
1230 892 1322 943 neque

148 984 200 1021 nec
219 966 247 1020 in
267 965 353 1035 ipsis’
375 964 516 1033 duplicem
535 964 632 1018 adesse
657 963 805 1018 lectionem
826 964 892 1017 ‘nec
911 963 955 1016 in’
977 965 1006 1017 ct
1026 964 1131 1031 ‘neque
1153 962 1248 1032 ipsis’,
1267 981 1323 1033 ego

148 1057 221 1109 hanc
240 1055 360 1109 alterum
379 1054 556 1123 grammatici
576 1053 721 1107 cuiusdam
740 1053 786 1106 uel
806 1052 936 1106 monaehi
956 1054 1143 1107 correctorem
1164 1070 1224 1107 esse
1243 1056 1322 1107 ratus

150 1162 184 1198 ex
206 1142 301 1213 priore
324 1142 461 1213 scriptura
487 1143 554 1196 ‘nec
578 1141 622 1196 in’
649 1142 745 1208 elicui,
771 1142 845 1211 quod
865 1158 961 1196 omnes
981 1141 1162 1197 difficultates
1180 1160 1246 1197 nere
1266 1143 1321 1198 dis·

148 1233 249 1300 soluit,
271 1232 352 1286 ‘nihil
372 1231 468 1285 lucelli
485 1249 537 1286 nec
557 1273 582 1287 ..
602 1248 660 1286 esse
680 1248 731 1286 nec
751 1230 880 1285 cohorti’.
919 1230 1047 1287 solebant
1070 1230 1143 1285 enim
1164 1230 1320 1286 ‘lucellum’

149 1338 250 1377 uocare
269 1320 422 1391 particulas
443 1319 520 1387 illas,
544 1337 616 1389 quae
641 1321 676 1375 de
695 1324 856 1392 praetorum
879 1320 984 1390 praeda
1006 1319 1206 1391 contingebant
1224 1319 1324 1374 amicis

149 1415 178 1466 et
196 1408 347 1466 ministris:
373 1409 429 1464 Cic.
449 1409 477 1462 in
499 1409 575 1464 Verr.
596 1409 633 1464 ΙΙΙ
653 1415 700 1476 30,
721 1416 753 1463 tl
774 1411 912 1479 Apronio,
936 1410 1042 1464 deliciis
1061 1411 1213 1478 praetoris,
1231 1411 1324 1464 lucelli

152 1501 261 1569 aliquid
278 1501 349 1553 iussi
366 1504 432 1553 sunt
449 1501 529 1554 dore:
546 1504 670 1567 putatote
684 1500 810 1567 Apronio
824 1499 933 1565 datum,
949 1499 976 1552 si
988 1499 1185 1567 Apronianum
1198 1499 1326 1554 lucellum

147 1605 181 1644 uc
198 1606 255 1643 non
269 1588 412 1656 praetoria
431 1589 540 1656 praeda
564 1588 642 1642 uobis
658 1588 801 1641 uidebitur
825 1590 853 1641 et
876 1587 943 1641 ibid.
963 1592 1013 1655 44,
1035 1593 1085 1642 106
1103 1589 1253 1643 docuoeunt
1274 1606 1324 1645 uos

146 1679 214 1748 quid
232 1678 325 1733 lucelli
342 1678 436 1742 fecerit
452 1678 529 1731 borao
548 1693 605 1731 uon
622 1678 725 1743 mulus,
743 1678 896 1743 familiaris
913 1677 1058 1745 prraetorie
1077 1679 1230 1746 Apronius,
1248 1677 1324 1732 inira

148 1767 300 1822 XXVlllt
323 1769 353 1820 et
377 1771 401 1821 8.
438 1764 556 1820 alteram
582 1766 609 1818 in
633 1785 659 1819 u.
682 1771 713 1818 10
738 1766 926 1835 corruptelam
950 1767 1007 1820 iem
1031 1765 1098 1820 olim
1126 1782 1191 1821 uere
1217 1767 1326 1822 detexit

147 1858 278 1912 Muretus.
315 1873 381 1910 nam
400 1855 452 1909 etsi
476 1853 611 1924 pluralem
633 1855 833 1922 ‘praetoribus'
855 1855 988 1909 denonis
1007 1854 1056 1923 qni
1075 1854 1103 1909 in
1123 1872 1157 1910 ea
1175 1856 1324 1927 prouincia

149 1946 298 2016 quotannis
317 1962 346 1999 se
365 1943 507 2013 excipiunt
529 1943 704 2014 praesidibus
728 1943 932 2012 intellegimus,
956 1945 1051 1999 tamen
1075 1947 1105 1999 et
1130 1944 1185 2000 hoc
1203 1947 1323 2001 nimium

149 2038 193 2090 est
211 2052 260 2104 per
286 2052 328 2102 se,
352 2053 387 2087 ne
410 2033 569 2103 praetorem
594 2031 707 2099 quidem
731 2030 884 2101 quidquam
908 2032 972 2086 inde
996 2033 1112 2101 referre,
1138 2052 1190 2089 nec
1209 2035 1324 2104 Catulli,

148 2125 196 2194 qni
214 2125 290 2193 quod
309 2123 396 2177 ceteri
416 2121 543 2176 frustrati
562 2122 628 2174 sunt
645 2139 693 2189 spe
712 2120 836 2191 imputat
853 2120 991 2190 praetoris
1006 2121 1060 2176 sibi
1079 2123 1133 2177 soli
1146 2123 1324 2194 prouinciam

148 2213 299 2283 expilantis
323 2210 472 2279 auaritiae,
497 2209 637 2264 sententia
661 2225 720 2263 esse
744 2212 847 2279 potest.
885 2210 967 2279 quasi
985 2227 1065 2278 uero,
1089 2212 1200 2267 etiamsi
1219 2231 1264 2267 res
1283 2215 1326 2268 ita

148 2322 177 2357 se
198 2303 321 2370 haberet,
341 2318 424 2371 aegre
448 2299 534 2354 ferret
553 2297 581 2354 Ο.
603 2301 760 2368 praetorem
781 2318 860 2353 suurn
881 2299 921 2353 nil
940 2301 1093 2355 rettulisse!
1130 2299 1251 2367 denique
1270 2302 1324 2356 hoc

150 2390 232 2445 ‘nihil
259 2388 355 2444 lucelli
380 2404 432 2442 nec
455 2389 579 2458 praetori
601 2406 653 2443 nec
676 2387 785 2443 cohorti
810 2391 884 2454 erat,
908 2407 971 2443 cum
995 2388 1160 2458 praesertim
1184 2389 1224 2442 eis
1248 2393 1325 2443 esset

148 2483 260 2551 praetor
278 2479 448 2534 inrumator’
470 2478 619 2533 absurdum
640 2480 691 2533 est.
729 2479 835 2547 optime
855 2477 942 2547 igitur
960 2478 1085 2532 Muretus
1105 2477 1172 2532 ‘nec
1191 2480 1323 2545 quaesto-

148 2571 224 2624 ribus
243 2569 326 2623 esse’.
356 2570 533 2636 quaestorem
553 2566 627 2620 enim
647 2584 707 2621 cum
730 2567 787 2620 suis
801 2566 937 2621 ministris
951 2565 1156 2636 comitibusque
1171 2566 1233 2636 (hos
1247 2568 1323 2622 euim

148 2658 361 2728 comprehendit
380 2656 509 2726 pluralis)
533 2659 563 2711 et
586 2656 723 2725 praetoris
742 2671 814 2724 quae
833 2656 946 2725 propria
964 2658 1008 2710 est
1026 2657 1170 2711 cohortem
1189 2657 1261 2713 bene
1281 2675 1323 2713 so·

148 2748 217 2802 ciari
243 2746 356 2802 obuium
383 2748 438 2812 est,
465 2763 541 2812 cum,
567 2745 636 2799 licet
660 2745 717 2799 sint
739 2745 775 2798 ab
801 2743 900 2799 officiis
924 2743 1041 2812 diuersi,
1067 2747 1163 2801 tamen
1186 2764 1282 2802 omnes
1306 2765 1324 2800 a

148 2839 276 2906 praetore
303 2835 451 2904 pendeant.
491 2836 636 2903 praeterea
662 2836 837 2902 quaestores,
864 2832 937 2901 siqui
960 2833 1022 2902 alii,
1048 2836 1085 2890 ob
1106 2835 1200 2905 ipsum
1223 2854 1323 2890 munus

148 2943 215 2979 sane
240 2923 375 2978 facillime
400 2922 491 2976 ditare
518 2940 547 2977 se
573 2923 709 2976 ualebant
735 2922 880 2991 paululum
909 2924 1019 2977 tantum
1046 2923 1158 2978 fauente
1184 2928 1323 2994 praetore.

148 3014 291 3069 cohortem
309 3015 404 3067 autem
423 3010 592 3080 praetoriam
612 3011 657 3065 hic
677 3029 732 3066 non
752 3014 810 3065 tam
836 3011 947 3066 turbam
968 3011 1120 3067 scribarum
1139 3013 1323 3068 adsensurum

148 3104 319 3158 medicorum
339 3101 518 3172 haruspicum
536 3099 669 3171 intellege
688 3117 772 3170 quam
786 3100 936 3172 praecipue
950 3101 1056 3156 amieos
1070 3103 1248 3172 comitesque,
1267 3102 1321 3158 hoc

148 3197 204 3260 est,
232 3193 425 3247 adulescentes
447 3192 555 3247 nobiles
578 3193 636 3245 tam
662 3191 832 3260 reipublicae
856 3190 1044 3261 capessendae
1067 3208 1153 3248 causa
1170 3210 1253 3261 quam
1273 3210 1322 3263 spe

148 3282 218 3337 lucri
234 3284 377 3351 praetores
393 3282 421 3335 in
438 3278 599 3350 prouincias
620 3278 750 3335 comitari
769 3280 874 3335 solitos.
906 3280 963 3348 qui,
982 3279 1007 3334 si
1026 3283 1139 3351 praetor
1156 3279 1266 3337 feneret
1283 3283 1323 3337 eis

148 3373 303 3440 uelletque,
323 3373 458 3439 quantum
483 3368 538 3424 sibi
556 3370 747 3439 compararint
765 3370 840 3424 band
865 3385 927 3423 raro
946 3369 1123 3439 diuitiarum,
1142 3372 1322 3427 manifestum

147 3462 191 3515 est
209 3479 242 3515 ex
262 3458 317 3515 cic.
336 3460 367 3514 in
381 3460 458 3514 Verr.
473 3458 499 3512 11
521 3466 562 3527 10,
582 3465 624 3513 et.
659 3461 803 3529 unguenta
819 3460 915 3512 autem
935 3475 997 3512 cum
1017 3475 1074 3513 non
1093 3460 1135 3514 ita
1151 3477 1240 3530 paruo
1259 3478 1323 3517 aere

146 3551 322 3615 constarent,
346 3548 370 3602 is
389 3548 437 3617 qui
461 3551 548 3618 caput
565 3550 680 3602 unctum
700 3546 825 3601 habebat
842 3548 917 3603 inter
936 3547 1126 3617 opulentiores
1149 3548 1209 3605 iure
1228 3568 1321 3605 nume·

146 3639 274 3693 rebatur:
294 3637 381 3692 Lucil.
402 3638 475 3707 apud
495 3639 565 3693 Non.
581 3643 683 3706 p.423,
702 3644 714 3690 1
735 3654 768 3691 eu
787 3637 861 3705 (‘eti'
882 3635 927 3692 uel
949 3636 1023 3691 ‘etit'
1046 3637 1322 3709 0011),ωάἑαί-

148 3728 203 3779 tiae
219 3727 378 3794 producunt
398 3727 437 3796 (iu
457 3726 569 3796 lucem),
591 3731 616 3779 et
634 3731 718 3795 caput
741 3730 850 3794 unpunt
874 3725 1061 3792 horridulum,
1080 3724 1173 3782 Plaut.
1192 3728 1290 3784 Pseud.
1310 3730 1322 3782 1

146 3819 172 3881 2,
191 3820 225 3867 84
252 3816 368 3884 numqui
393 3816 533 3883 quispiam
557 3821 595 3869 est
621 3821 731 3869 tuorum
757 3820 807 3868 tua
830 3814 1015 3882 operatoriis
1037 3831 1229 3870 mnemia
1254 3817 1322 3871 uiti-

147 3904 304 3957 diusculum
327 3901 445 3971 capuli,
470 3902 536 3957 Hor.
556 3904 607 3955 sat.
627 3902 651 3956 Il
671 3909 702 3971 t,
723 3909 773 3957 127
796 3909 899 3972 quanto
922 3908 973 3956 urit
996 3918 1043 3975 epo
1060 3905 1179 3973 parcius
1195 3908 1247 3958 aut
1263 3921 1323 3973 uos,

147 4011 162 4049 c
177 3993 276 4063 pueri,
295 3992 432 4055 nituistis,
452 3990 508 4048 Cic.
527 3991 605 4045 Verr.
627 3990 652 4043 11
671 3997 718 4059 22,
738 3997 772 4046 54
791 3994 831 4047 itu
846 3993 1028 4061 polaenritas
1046 3993 1220 4061 defendebat,
1238 3999 1270 4048 ut
1287 3995 1322 4048 ab

145 4085 202 4138 illis
221 4085 279 4152 ipse
303 4083 413 4136 unctior
432 4081 526 4136 abiret.
567 4081 686 4149 denique
712 4081 746 4136 cf.
765 4081 931 4137 CGracchus
954 4101 998 4153 ap.
1019 4080 1091 4136 Geli.
1111 4080 1161 4136 XV
1182 4088 1214 4137 12
1239 4099 1323 4139 amaus

145 4189 213 4240 quus
226 4173 324 4241 pkuus
339 4172 449 4241 arpenti
463 4171 550 4225 eatuli
567 4171 687 4239 (Roma),
702 4188 747 4226 eus
761 4189 795 4226 en
804 4174 955 4242 prouincia
969 4175 1067 4227 inanes
1080 4173 1171 4227 retuli.
1201 4171 1322 4227 alterum

147 4261 221 4315 ‘nec’
238 4260 433 4331 mactationem
451 4260 576 4315 eontinet
592 4262 637 4326 (=
653 4263 806 4328 necuere).
828 4293 858 4301 -
882 4261 929 4333 le,
944 4261 991 4315 lt.
1011 4261 1193 4330 praesertim
1210 4261 1323 4329 qulbus

146 4351 228 4409 esset
245 4350 415 4407 irrumator
434 4350 558 4419 praetor
577 4364 632 4404 nec
652 4350 768 4406 taceret
781 4350 839 4420 pili
853 4351 1021 4407 cohortem.
1049 4349 1257 4406 constmctioue
1272 4352 1324 4409 illa
