2940 4912
654 313 714 367 mx
734 320 812 367 e-s.
1255 312 1319 376 289

144 475 230 530 trices
248 473 361 544 saepius
379 475 538 529 memorant
556 472 633 528 tituli
651 472 829 543 Pompeiani,
848 472 952 541 partim
971 471 1000 525 in
1019 472 1198 541 opprobrium
1217 471 1320 541 partim

143 562 174 618 in
191 561 478 630 commendationem,
503 564 624 617 012258
645 562 770 632 Myrtale
788 578 912 618 cassacoe
928 562 1021 629 sellae,
1040 565 1110 615 2273
1131 561 1238 616 Martis
1257 563 1321 616 beas

143 653 228 721 seiae,
245 657 317 708 2215
337 651 500 707 Fortunata
516 653 608 719 sellai,
627 656 696 706 2421
717 651 808 719 Rufa,
828 653 871 705 ita
884 652 955 718 uate,
973 667 1056 720 quam
1069 649 1217 720 (scriptum
1232 649 1321 706 fertur

145 741 265 811 ‘qnare’
290 741 350 797 sine
375 743 468 808 sensu)
492 742 556 796 5000
577 742 676 808 fetosi,
701 741 767 795 alia.
804 740 849 795 hie
873 739 1055 810 opprobrium
1078 758 1216 795 summum
1235 757 1269 796 eo
1289 741 1321 794 fit

143 830 266 902 turpius,
285 830 360 901 quod
379 829 486 886 femina
503 829 560 885 ista
578 832 622 885 est
643 829 733 900 nupta
752 827 881 884 Menenio
900 828 1021 885 cuidam.
1050 846 1105 898 quo
1124 829 1220 884 addito
1240 829 1321 884 ‘uxor

144 919 268 976 leneni’
288 921 437 990 praeterea
455 919 612 975 accuratius
630 919 773 990 designari
797 918 848 973 illa
871 919 965 988 potest
987 918 1091 985 uideri,
1116 918 1139 973 si
1159 919 1243 974 ‘ruia'
1264 935 1320 974 me-

143 1028 206 1064 rum
226 1011 271 1064 est
288 1008 443 1078 epitheton.
464 1007 600 1080 -2,1.
625 1000 714 1077 saep'e
739 1020 827 1075 qnam
851 1007 882 1061 ln
907 1007 1089 1076 sepulcretis
1111 1007 1235 1062 nldlstis
1254 1008 1320 1077 ipso

145 1111 256 1169 rapere
270 1097 308 1153 dc
322 1111 397 1165 rogo
412 1111 526 1153 cauam.
548 1097 643 1168 ‘saepe
656 1094 781 1151 uidistis’
795 1089 922 1166 apprime
936 1095 1006 1151 facit
1020 1096 1057 1151 ad
1072 1095 1322 1152 commendandam

145 1185 244 1258 Vulpii
262 1186 480 1256 explicationem
498 1185 656 1241 laudatam:
675 1202 726 1240 uos
745 1202 853 1254 omnes,
873 1185 962 1252 ciues,
982 1186 1068 1240 scitis.
1100 1186 1321 1256 ‘sepulcretum',

145 1271 224 1342 exse
243 1272 410 1346 λεγόμενον,
431 1274 562 1345 designat
579 1275 672 1330 locum
693 1272 742 1329 ubi
762 1275 907 1344 complura
925 1275 990 1328 sunt
1005 1275 1134 1344 sepulcra
1148 1274 1323 1343 (Kuehnerus

145 1384 188 1437 30.
206 1365 225 1420 l.
248 1363 262 1417 I
285 1383 313 1434 p.
334 1367 410 1434 610),
437 1365 549 1434 qualem
576 1364 722 1420 christiani
748 1364 889 1419 uocabant
913 1365 1120 1419 coemeterium.
1163 1365 1323 1420 communia

144 1455 229 1508 busta
247 1452 461 1521 t‘busticetum’
492 1454 563 1508 dixit
585 1453 728 1508 simillime
748 1454 850 1509 110001).
870 1452 883 1505 I
901 1457 947 1522 41)
965 1453 1108 1508 babebaut
1125 1456 1224 1523 300100
1243 1452 1322 1508 fami·

144 1543 266 1612 tiaeque,
283 1541 427 1597 habebant
448 1542 569 1613 00110310
583 1542 788 1612 societatesque
802 1559 970 1612 pauperum
989 1560 1055 1596 uam
1070 1542 1197 1612 puticuli,
1211 1545 1325 1597 miserae

141 1632 218 1702 plebi
240 1648 379 1686 commuue
402 1632 556 1702 sepulcrum
578 1630 656 1700 (Hor.
676 1632 727 1685 sat.
746 1631 759 1683 1
784 1633 893 1700 8‚10),
919 1631 984 1685 hinc
1009 1632 1108 1700 procul
1134 1631 1260 1699 arcendi;
1287 1631 1322 1686 01.

146 1721 260 1776 omniuo
283 1719 458 1790 liarquardti
482 1719 590 1790 antiqq.
616 1721 687 1791 priu.
711 1739 737 1790 p.
752 1726 803 1775 353
819 1738 879 1790 sqq.
898 1723 978 1798 ‚erat
1001 1719 1116 1788 fundus,
1140 1720 1188 1790 qui
1212 1723 1324 1790 praeter

147 1811 230 1865 basta
247 1810 308 1865 siue
327 1810 457 1880 sepulcra
474 1810 585 1880 proprie
600 1811 703 1866 uocata
718 1810 763 1878 (de
778 1808 938 1864 differentia
951 1811 1051 1864 horum
1066 1811 1099 1865 cf.
1116 1809 1219 1864 Paulus
1234 1827 1260 1880 p.
1277 1812 1323 1878 32)

146 1899 235 1955 babet
252 1897 401 1967 matrinam,
419 1900 546 1967 hortum,
571 1899 714 1954 aediculas
738 1899 852 1967 aliaque
871 1898 991 1967 (blarqu.
1010 1899 1029 1953 l.
1049 1899 1067 1955 1.
1087 1917 1114 1969 p.
1129 1905 1181 1954 351
1197 1900 1256 1969 sq).
1293 1899 1324 1954 10

148 1989 199 2043 ills
215 1993 311 2044 autem
330 1988 439 2043 ustrina
452 1988 649 2043 exstruebatur
663 1987 712 2057 qui
725 1989 845 2043 cadauer
859 1988 1038 2043 cremandum
1053 1988 1213 2057 excipiebat
1225 2005 1325 2058 0030ος

147 2077 221 2132 10000
239 2077 391 2149 propinqui
413 2077 537 2149 sociique
560 2077 665 2133 funeris
689 2078 831 2132 cumulare
855 2078 996 2145 solebant,
1020 2079 1052 2132 ut
1070 2077 1133 2132 aliis
1158 2077 1238 2133 donis
1261 2080 1323 2148 plu·

149 2166 228 2221 rimis
246 2164 429 2235 uicenisque,
448 2166 489 2222 110
508 2166 578 2223 cibis
598 2166 717 2237 (Marqu.
732 2167 751 2220 1.
767 2167 785 2220 l.
803 2185 830 2236 p.
846 2169 917 2236 369).
946 2165 1001 2220 iam
1021 2167 1236 2236 bustiraporum,
1254 2184 1325 2236 quos

148 2254 238 2311 Plsut
264 2253 365 2310 Pseud.
392 2256 402 2309 1
427 2262 458 2323 3,
484 2261 533 2310 121
558 2272 621 2309 oum
647 2257 811 2325 contemptu
837 2256 932 2322 00001,
960 2255 1014 2309 (100
1040 2271 1143 2325 genera
1168 2256 1239 2310 bene
1264 2272 1324 2310 esse

149 2343 351 2414 distinguenda
371 2346 433 2413 (uec
458 2343 587 2399 distinxit
609 2345 806 2412 Marquardtus
829 2363 856 2420 p.
877 2350 928 2399 355
952 2343 1047 2398 locum
1072 2346 1198 2398 nostrum
1222 2345 1324 2398 iterum

150 2433 304 2503 adferens),
322 2447 367 2488 res
385 2433 448 2502 ipsa
467 2433 557 2488 docet.
586 2432 675 2488 infimi
694 2434 767 2488 enim
787 2437 985 2503 extremaeque
1004 2434 1179 2502 paupertatis
1198 2432 1323 2489 famelici

150 2523 223 2578 baud
247 2539 310 2578 raro
334 2524 409 2578 hunc
432 2540 530 2592 003000
554 2523 700 2578 ardentem
724 2523 926 2578 circumuolare
950 2523 1095 2592 tamquam
1113 2521 1237 2577 uolturia
1255 2524 1325 2578 sole·

149 2611 230 2679 baut,
249 2629 312 2666 cum
332 2611 497 2680 praesertim
515 2610 620 2665 iuuetis
640 2612 791 2681 participes
808 2611 871 2666 ‘aue
890 2615 976 2680 atque
991 2609 1066 2665 uale’
1083 2610 1159 2665 dicto
1179 2611 1324 2681 abiissent,

151 2702 181 2754 et
197 2716 295 2769 rapere
319 2699 426 2754 cuiuis
449 2700 542 2755 adhuc
560 2699 680 2754 flammis
701 2680 790 2771 i‘ipso
816 2699 851 2754 de
870 2700 968 2770 rogo’)
993 2717 1055 2754 cnm
1078 2699 1217 2755 aliatum
1242 2717 1325 2756 cenas

150 2787 213 2843 illas
232 2787 362 2843 iniectas:
387 2789 448 2842 Ter.
470 2789 538 2843 lluu.
558 2788 596 2842 Ill
616 2795 645 2858 2,
665 2795 699 2844 38
718 2807 731 2843 0
753 2792 864 2858 flamma
883 2794 974 2857 peiere
998 2794 1022 2842 te
1041 2789 1130 2843 eibum
1150 2806 1229 2858 posse
1249 2791 1323 2846 arbi-

150 2883 221 2946 tror,
246 2879 333 2933 Lucil.
354 2878 441 2931 XXV!
464 2884 496 2932 17
517 2878 553 2932 M.
578 2896 612 2932 ex
637 2880 744 2948 optima
767 2880 815 2932 sed
835 2879 965 2948 neglecta
984 2879 1079 2934 Fraus.
1101 2878 1209 2933 Dausae
1234 2895 1326 2934 emen-

152 2967 263 3022 datione
282 2968 421 3022 mordicus
435 2973 525 3036 petere
544 2985 644 3022 aurum
666 2987 679 3021 e
698 2985 780 3023 coemo
800 2969 938 3037 expediat,
960 2984 973 3021 e
990 2971 1101 3036 flamma
1120 2969 1223 3034 011000,
1242 2969 1325 3026 Μο01.

152 3057 188 3111 xi
208 3063 255 3125 54,
274 3063 289 3110 2
314 3063 430 3125 turaque
452 3058 589 3111 demedio
612 3059 796 3113 semicremata
820 3074 885 3126 repo
907 3063 932 3111 et
951 3074 1020 3127 quae
1039 3058 1071 3111 dc
1089 3057 1186 3128 Styaio
1204 3060 1327 3128 rapuisti

152 3148 280 3201 01000000
299 3146 378 3211 lecto,
397 3144 478 3200 Ouid.
498 3146 537 3200 lb.
558 3152 592 3200 20
610 3148 655 3201 tic
669 3149 803 3217 praedam
822 3148 909 3200 medio
928 3152 1024 3216 rapiar
1043 3148 1078 3201 ab
1097 3148 1159 3217 ipae
1174 3149 1252 3216 petit.
1289 3147 1325 3203 ad

153 3236 271 3291 alterum
291 3251 390 3304 30000,
409 3234 484 3302 quod
498 3234 643 3303 appositos
661 3235 781 3288 maxime
800 3234 874 3288 inter
892 3233 992 3289 feralia
1011 3238 1040 3289 et
1058 3236 1215 3304 parentalia
1233 3236 1326 3306 sepul-

151 3329 242 3378 torum
260 3323 318 3378 iam
338 3320 453 3376 tumulis
472 3323 550 3377 cibos
569 3340 667 3392 rapere
686 3323 808 3392 solebat,
833 3322 944 3378 adludit
961 3322 1022 3377 Tib.
1044 3323 1055 3375 1
1074 3330 1102 3391 5,
1121 3330 1154 3378 53
1173 3325 1236 3393 ipsa
1254 3326 1328 3391 same

152 3415 308 3468 stimulante
331 3413 427 3479 iurems
447 3413 619 3481 praedaeque
642 3413 842 3482 (‘herbasque'
864 3412 956 3480 codd.)
979 3413 1111 3481 sepulcris
1134 3420 1247 3481 quaerat
1266 3419 1291 3468 ei
1309 3431 1328 3467 0

152 3504 241 3557 camis
263 3519 325 3558 ossa
348 3503 444 3556 relicta
468 3503 541 3570 lupis
565 3505 593 3555 et
616 3502 745 3572 Calpurn.
765 3502 816 3557 ecl.
836 3508 865 3568 3,
885 3507 918 3556 82
943 3503 992 3570 qui
1014 3507 1109 3556 metere
1132 3503 1247 3556 oecr'dua
1271 3506 1326 3570 (oo-

152 3592 256 3661 001101)
275 3592 375 3659 scrobs
393 3597 469 3645 macte
488 3592 598 3659 lupinos
616 3593 720 3646 dicitur
740 3591 799 3659 (nbi
819 3591 852 3646 cf.
873 3590 1020 3657 Wernsd.).
1041 3620 1075 3629 —
1094 3590 1124 3662 4,
1143 3591 1172 3645 5.
1192 3605 1257 3645 cum
1277 3590 1326 3645 de·

153 3681 290 3737 solutam
311 3695 349 3735 ex
370 3679 439 3747 1300
458 3693 646 3748 prosequens
666 3693 772 3748 panem
791 3679 827 3733 ab
847 3679 991 3734 semiraso
1011 3678 1194 3733 tunderetur
1211 3680 1327 3736 001000.

153 3771 302 3827 admodum
326 3769 461 3840 graphice
489 3769 665 3838 persequitur
690 3773 776 3838 poeta
797 3769 917 3823 furantis
942 3770 976 3822 de
1002 3785 1070 3837 0030
1089 3766 1210 3823 seminas
1228 3769 1327 3840 100031-

154 3877 228 3914 nem:
251 3861 349 3915 adstat
367 3858 418 3911 illa
437 3856 535 3912 auidos
554 3856 747 3912 circumiciens
767 3858 875 3927 oculos,
895 3857 974 3911 uidet
992 3858 1120 3912 flammae
1139 3858 1195 3911 1010
1215 3875 1327 3927 sparsae

155 3947 185 4003 ai
202 3947 314 4004 detrudi
335 3966 368 4001 er
388 3963 456 4016 0030
476 3963 576 4016 panem
597 3946 667 4015 (liba
686 3947 805 4001 maxime
825 3946 928 4001 1010000
944 3948 1085 4001 solebant:
1105 3945 1327 4014 0151112919),

154 4037 250 4093 adsilit
268 4036 412 4091 detrusum
433 4037 593 4104 captatum,
617 4051 635 4088 a
653 4053 734 4090 seruo
753 4037 831 4105 13000
854 4035 916 4106 0031
940 4035 1114 4090 custodiente
1134 4033 1227 4090 baculi
1246 4033 1328 4089 ferrei

153 4127 210 4182 ictu
230 4126 330 4180 1001100
350 4124 528 4194 abigiturqae
546 4123 647 4179 mulier
665 4128 827 4194 contempta
846 4125 881 4179 ab
902 4123 1014 4180 homine
1033 4126 1203 4192 contempto.
1243 4122 1328 4178 asie

153 4215 208 4270 tias
227 4233 271 4286 ep.
291 4215 387 4270 Sidon.
409 4215 501 4283 Apoll.
522 4213 560 4267 111
584 4221 614 4268 13
639 4220 683 4282 (==
703 4214 740 4268 111
764 4220 781 4268 4
806 4214 880 4281 Βο0,)
904 4216 1052 4281 desomu'or
1075 4214 1330 4284 caesaremque,

150 4306 225 4377 qaod
242 4306 353 4372 facibus
371 4305 488 4358 admotis
506 4305 738 4358 semicombustum
761 4320 874 4373 arcaque
892 4304 995 4357 sidente
1018 4308 1092 4356 mm
1110 4304 1228 4356 torrium
1247 4305 1329 4360 dase-

151 4395 241 4450 mm
260 4394 372 4449 reaaee
386 4411 474 4464 pyrae
493 4395 550 4447 iam
570 4394 733 4460 fastidiosus
752 4394 902 4462 pollinctor
924 4392 1055 4447 extorret.
1093 4407 1194 4461 panem
1215 4392 1330 4449 deuolu-

204 4494 339 4536 cnruanos
352 4493 387 4534 ed.
402 4494 524 4534 Baehrens.
553 4492 584 4532 11.
1084 4489 1116 4536 19
