2940 4912
639 324 719 381 XXII
736 332 833 380 9-10.
1257 325 1320 389 159

148 484 312 540 murium
332 485 478 555 conligata
496 500 558 540 esee
572 484 618 554 (ci.
633 502 676 540 ex.
690 503 731 556 gr.
746 485 863 540 Riohius
881 485 899 540 l.
915 486 935 540 l.
954 503 975 540 s.
990 503 1016 541 u.
1033 484 1209 556 ‘uolumen’)‚
1225 488 1323 541 tamen

147 573 178 627 ds
195 573 373 642 singulorum
392 574 513 629 umculis
530 574 572 628 nil
591 576 709 629 constat.
738 592 829 643 neque
848 574 909 629 lora
928 577 1045 644 possunt
1061 574 1186 629 indicare
1204 574 1320 630 titulum

145 661 288 730 (indicem,
306 662 544 717 membranulam:
570 663 674 718 Bittius
692 665 711 717 l.
730 664 748 719 l.
769 682 795 733 p.
811 667 865 732 66).
902 663 951 717 sed
974 664 1018 717 his
1038 663 1132 718 ueniet
1154 664 1202 718 lux
1226 679 1261 718 ex
1280 680 1321 718 se·

143 751 308 820 questibus,
327 751 357 805 in
380 751 482 821 quibus
504 753 591 822 uulgo
616 754 730 807 auctore
748 751 871 807 tuentio
893 752 1031 807 traditum
1057 752 1239 808 ‘membrano'
1260 769 1321 806 mu-

143 843 204 895 tant
226 839 257 895 in
278 841 476 895 ‘membrana’
501 841 543 895 ita
565 841 714 912 iungentes
739 842 919 896 ‘membrana
942 840 1056 896 derecta
1077 841 1219 911 plumbo’.
1256 857 1322 895 nam

143 929 289 997 plumbum
312 929 485 999 accipientes
509 927 651 1002 μόλυβδον
672 932 718 1001 (cf.
739 932 854 986 Salmas.
879 932 915 986 ad
934 929 1020 986 Solin.
1046 949 1073 1000 p.
1090 937 1156 998 614,
1179 929 1322 986 Iacobsius

143 1019 177 1072 sd
195 1019 284 1072 Antlr.
302 1019 354 1073 lat.
374 1018 414 1072 111
432 1026 449 1073 11
468 1037 496 1089 p.
511 1023 576 1089 371)
599 1019 640 1074 sic
663 1020 837 1087 statuebant,
862 1021 892 1074 in
913 1019 1026 1089 paginis
1045 1019 1152 1074 ‘uersus
1170 1020 1207 1074 ad
1232 1019 1321 1074 lineas

143 1107 259 1175 plumbo
272 1107 402 1176 signatas
415 1123 472 1163 uno
481 1108 635 1178 eodemque
650 1109 747 1164 ordine
762 1111 845 1177 atque
860 1107 1012 1163 interuallo
1027 1108 1146 1178 scriptos
1156 1108 1318 1164 etexactos’

142 1212 216 1262 esse,
235 1196 321 1251 obliti
340 1195 485 1265 nimbum,
504 1197 539 1253 de
557 1197 672 1268 papyris
692 1199 738 1252 hie
756 1198 803 1268 agi
818 1197 901 1266 (unde
921 1201 1108 1254 correcturum
1130 1196 1315 1252 ‘membrana’

143 1283 243 1339 falsam
263 1301 325 1340 esse
344 1289 474 1356 apparet)
493 1290 522 1342 et
539 1290 651 1342 tantum
670 1288 704 1342 de
724 1288 832 1343 externi
846 1287 960 1342 habitus
979 1287 1129 1356 splendore
1147 1288 1236 1342 uerba
1253 1286 1321 1341 fieri.

143 1376 234 1429 saura
257 1376 356 1429 antem
378 1393 446 1429 usus
469 1379 514 1431 est
530 1379 722 1432 membranae:
747 1377 951 1432 amiciebantur
972 1392 1008 1430 ea
1030 1374 1097 1430 libri
1121 1375 1318 1445 elegantiores,

143 1478 177 1516 aa
195 1463 393 1531 hedesentur3
411 1463 545 1535 Lygdum.
562 1473 586 1534 1,
601 1472 617 1520 9
637 1467 711 1522 luteo
728 1468 904 1522 sedelocum
922 1467 1051 1520 inuoluat
1069 1466 1226 1519 membrano
1244 1465 1320 1519 libel·

142 1552 212 1618 ln,
232 1552 344 1624 ‘togam
361 1555 541 1624 pnrpuream’
563 1557 648 1610 uocat
664 1555 747 1610 Mart
761 1553 787 1607 X
801 1562 845 1622 93,
859 1562 884 1610 1.
913 1558 944 1609 et
960 1555 1034 1608 hanc
1049 1552 1243 1608 membranam
1256 1569 1320 1607 cum

144 1641 285 1696 umbilicis
308 1643 488 1697 coniunctam
512 1643 628 1699 laudare
646 1643 788 1699 solebant:
815 1644 897 1698 Mart
918 1643 1006 1711 1112,
1026 1649 1042 1697 9
1061 1643 1148 1712 ps'cts's
1170 1642 1321 1697 lacunaris

144 1730 852 1801 *wimacparperauezicatuutetetlea
868 1739 899 1787 11
919 1732 1122 1787 necumts'ls'cis
1140 1736 1224 1786 coes
1241 1737 1322 1799 atque

142 1820 314 1886 mbram
330 1837 415 1888 quem
429 1838 597 1891 purpureum
613 1822 736 1876 colorem
750 1821 837 1876 etiam
850 1821 960 1884 indicat
973 1820 1054 1875 Ouid.
1064 1820 1136 1874 trist.
1147 1821 1159 1874 I
1170 1827 1194 1889 1,
1205 1828 1221 1875 t
1234 1837 1283 1875 suec
1296 1825 1322 1874 te

140 1925 286 1978 ponpam
299 1909 390 1964 selem
402 1911 534 1966 modste
546 1911 619 1977 saco.
647 1912 677 1966 et
690 1910 726 1965 ad
741 1910 815 1964 hunc
830 1911 952 1965 colorem
966 1926 1030 1964 cum
1046 1909 1152 1963 ‘rubra’
1167 1909 1269 1964 referre
1283 1909 1322 1963 sit

143 2014 272 2066 pronum
279 1999 477 2068 temptandum
486 2001 530 2055 est
539 2018 605 2054 num
615 1999 698 2054 ‘lora'
707 1999 763 2054 iam
774 2000 858 2069 plane
868 1997 1078 2069 deprauationis
1086 1998 1245 2053 conuictum
1255 2000 1321 2068 apte

143 2087 234 2156 possit
247 2086 388 2142 remoueri
401 2087 479 2156 (nam
488 2088 570 2142 Birtii
584 2104 719 2144 conamen
735 2088 833 2142 ‘coria’
847 2087 1017 2143 refutatione
1031 2105 1088 2143 non
1102 2086 1230 2158 indiget).
1256 2102 1319 2141 con·

143 2173 196 2229 ieci
205 2175 287 2230 ‘lana
295 2175 381 2231 mbra
389 2176 591 2245 membranae’‚
600 2178 668 2244 lue..
678 2178 842 2232 membrana
855 2177 884 2231 in
894 2179 974 2246 parte
985 2178 1120 2232 exteriore
1130 2177 1217 2231 habet
1227 2177 1320 2231 lanam

143 2263 207 2318 hoo
220 2264 364 2333 inbutam
380 2265 415 2321 cl.
430 2267 551 2336 interpp.
561 2266 598 2320 ad
607 2266 681 2322 Pers.
693 2273 718 2334 3,
730 2271 763 2322 10
772 2272 798 2322 ct
811 2267 913 2321 bicolor
922 2268 1022 2335 positis
1035 2268 1192 2320 menbrana
1201 2266 1319 2333 capillis.

144 2353 172 2407 ia
189 2354 328 2423 proximis
347 2354 492 2409 ‘derecta’
514 2353 632 2410 dStatio
649 2356 780 2410 debetur:
801 2356 944 2410 ‘detecta’
967 2355 990 2410 V
1014 2353 1129 2409 exhibet
1152 2353 1211 2409 sine
1236 2370 1319 2408 seusu

143 2443 188 2509 (de
205 2443 348 2514 scriptura
367 2443 515 2514 ‘derigere'
538 2445 573 2501 cf.
587 2443 701 2499 Lachm.
717 2445 753 2499 ad
767 2445 846 2499 Lucr.
863 2463 889 2514 p.
904 2450 955 2498 247
975 2447 1005 2497 et
1023 2461 1074 2499 uos
1093 2444 1129 2499 ad
1148 2443 1238 2498 Tacit.
1254 2442 1319 2496 dial.

144 2549 170 2601 p.
183 2537 238 2601 Μ).
276 2532 328 2586 sed
347 2532 434 2587 uerba
453 2533 583 2588 ‘derecta
600 2533 732 2603 plumbo'
753 2533 811 2587 iam
834 2534 917 2588 aliter
935 2535 1021 2602 atqde
1039 2533 1125 2602 uulgo
1149 2535 1191 2586 est
1213 2531 1319 2586 factum

144 2622 357 2692 interpretanda
374 2622 465 2677 resero
484 2622 521 2676 ad
538 2638 686 2677 commune
705 2640 769 2676 cum
787 2621 903 2691 reliquis
923 2622 1077 2677 subiectum
1099 2619 1227 2688 ‘omnia’‚
1247 2637 1319 2689 quae

144 2709 253 2781 accipio
277 2709 314 2765 de
337 2710 477 2767 lmntibus
502 2713 548 2766 uel
573 2713 602 2766 in
627 2713 791 2767 membrana
815 2711 989 2766 circumdata
1015 2712 1135 2767 maxime
1161 2710 1319 2780 conspicuis

144 2802 254 2867 (lirum
279 2799 380 2854 niueas
399 2801 476 2855 color
504 2801 690 2870 aLygdamo
717 2802 809 2854 luteae
832 2803 1011 2855 membranae
1039 2802 1208 2872 opponitur).
1244 2817 1319 2869 nam,

144 2893 174 2943 at
190 2889 330 2960 suspicor,
350 2891 401 2944 has
424 2893 564 2944 cartarum
583 2909 706 2944 summas
725 2891 890 2958 intimasque
915 2895 1009 2959 partes
1032 2893 1178 2959 aequaturi
1198 2892 1318 2959 primum

143 2980 171 3033 in
188 2980 231 3035 eis
248 2978 367 3050 plumbo
386 2980 475 3034 lineas
494 2980 530 3034 ad
549 2979 676 3049 regulum
692 2979 844 3045 ducebant,
864 2979 964 3034 deinde
984 2980 1020 3032 ad
1039 2979 1090 3034 has
1109 2980 1197 3033 lineas
1212 2996 1316 3033 reseca·

145 3071 212 3123 lunt
229 3069 371 3138 mames
386 3069 466 3137 (haec
481 3069 524 3123 est
538 3068 714 3122 circumcisio
730 3086 861 3122 unacum
876 3067 1065 3136 pumicatione
1081 3073 1318 3136 commemorata),

143 3159 263 3227 denique
282 3174 330 3211 eas
349 3173 421 3226 quae
440 3156 487 3210 uel
506 3156 545 3211 sic
565 3157 746 3212 remanebant
764 3156 793 3210 in
812 3157 949 3211 frontibus
969 3156 1187 3224 inaequalitates
1206 3158 1316 3226 pumice

143 3245 308 3317 expolibsnt
327 3245 372 3315 (cl.
392 3247 427 3300 ad
447 3245 555 3301 cornel.
573 3253 610 3312 2).
630 3278 663 3286 -
682 3248 712 3302 11.
731 3247 805 3302 haee
825 3261 892 3300 oum
910 3246 995 3311 legas
1014 3248 1058 3301 tu.
1089 3247 1192 3315 ‘haec',
1213 3245 1318 3302 Suffeni

143 3337 257 3406 scripta
297 3335 360 3388 ‘tu'
385 3334 513 3389 additum
537 3341 581 3390 est
605 3335 634 3389 in
658 3336 837 3390 adlocutione
862 3336 897 3388 ad
918 3337 1034 3403 Varum,
1063 3354 1097 3390 ne
1121 3335 1157 3390 ad
1181 3335 1318 3390 incertum

143 3425 211 3480 trec
230 3424 388 3478 referaotur
405 3425 574 3493 subiectum,
594 3424 622 3477 id
642 3423 717 3493 quod
736 3425 764 3478 in
783 3425 834 3478 illa
852 3425 1022 3479 coniunctiui
1041 3425 1132 3478 forma
1146 3424 1191 3489 (cf.
1208 3425 1317 3478 Madui·

142 3517 265 3584 giusgs
286 3513 424 3579 15110,
451 3513 607 3582 Draegerus
634 3517 704 3582 synt.
729 3512 794 3566 hist.
821 3513 844 3565 ll
868 3533 894 3583 p.
915 3521 966 3568 513
976 3514 996 3580 ²)
1022 3529 1088 3566 sane
1114 3509 1239 3581 procliue
1265 3516 1316 3567 est.

143 3604 264 3675 Ἶφιν,
290 3602 383 3673 legere
408 3601 480 3656 ioris
504 3602 586 3668 uelis,
612 3605 745 3670 sequente
769 3600 950 3657 nihilominus
976 3603 1081 3670 l‘cum'
1108 3603 1249 3670 adaequet
1271 3603 1317 3656 hic

144 3693 202 3763 'si¹)
211 3693 315 3761 utpote
329 3691 359 3745 in
373 3708 403 3744 re
417 3694 495 3745 certa
508 3691 536 3744 in
547 3690 663 3760 apodosi
675 3690 818 3745 ‘uidetur':
835 3693 869 3745 ef.
880 3692 1044 3746 Kuehnerus
1059 3710 1100 3761 gr.
1110 3693 1127 3747 l.
1139 3691 1162 3745 ll
1174 3710 1201 3761 p.
1213 3698 1264 3746 924
1276 3711 1317 3761 sq.

143 3812 174 3822 ·
197 3781 303 3836 bellus
330 3780 385 3834 ule
408 3781 440 3835 ct
464 3780 597 3836 urbanus
620 3780 839 3849 coniunguntur,
866 3785 897 3835 ut
919 3800 936 3835 a
960 3780 1015 3834 Cic.
1036 3782 1070 3836 de
1090 3782 1134 3836 fin.
1154 3781 1245 3850 1131,
1267 3789 1316 3837 102

142 3872 260 3926 tonius
283 3871 412 3939 massis
435 3876 460 3924 et
483 3872 545 3925 belli
570 3877 594 3925 et
617 3872 721 3925 arboni
744 3873 774 3924 et
795 3870 887 3923 Plinio
906 3868 986 3939 epist.
1008 3870 1045 3924 lv
1065 3876 1112 3938 25,
1132 3879 1148 3925 3
1171 3874 1204 3925 in
1221 3879 1317 3926 senatu

142 3962 228 4016 am
245 3966 272 4014 et
290 3960 418 4014 meatus
435 3966 460 4013 et
478 3961 563 4015 tellas
581 3966 628 4015 eet.
666 3959 779 4014 ‘bellus’
801 3961 875 4013 enim
895 3961 931 4013 ad
951 3960 1075 4013 animum
1094 3963 1222 4030 spectans
1240 3961 1318 4015 ualet

143 4049 198 4104 lete
220 4048 370 4118 ‘lepidus’‚
389 4051 421 4102 ut
439 4047 527 4103 Varro
546 4053 598 4103 sat.
617 4050 690 4103 Men.
708 4055 759 4103 312
776 4049 805 4102 B.
825 4065 914 4102 omncs
932 4050 1059 4103 uidemur
1077 4051 1155 4103 nobis
1173 4066 1226 4102 esse
1245 4050 1316 4114 belli,

78 4118 86 4132 '
142 4141 250 4203 femus,
268 4137 417 4207 meae,
435 4155 495 4192 cum
514 4140 599 4193 smus
618 4141 724 4206 sessos
740 4140 781 4205 <et
799 4136 910 4206 saepius
924 4136 955 4190 hi
969 4138 1069 4192 mussi
1083 4136 1203 4191 siusuli
1218 4136 1315 4205 lepidi,

144 4226 195 4281 ‘les
214 4229 308 4282 beanx
327 4226 450 4296 aprus,
470 4227 588 4281 audiunt
608 4228 746 4282 ‘homines
765 4225 856 4293 belli’,
875 4225 963 4280 Varro
984 4231 1036 4281 sat.
1056 4227 1127 4280 Meu.
1148 4227 1179 4279 fr.
1195 4232 1246 4280 336
1266 4225 1315 4295 8.).

148 4347 176 4358 -
192 4317 243 4372 10.
262 4329 343 4371 nans
361 4315 568 4384 caprlmnlgns
586 4318 640 4370 aut
658 4317 759 4371 fossor
776 4330 884 4370 rursus
902 4315 1036 4369 uldetur.
1065 4332 1133 4368 unus
1153 4331 1186 4368 ex
1201 4332 1315 4370 numero

144 4405 320 4477 stupidorum
345 4402 540 4469 ruricolarum
569 4421 685 4471 quorum
710 4404 782 4458 duae
806 4404 912 4472 species
937 4404 1107 4460 adferuntur.
1150 4404 1187 4457 ad
1212 4405 1315 4475 ‘cupri-
