2940 4912
596 300 881 358 PROLSGOMENA.

387 477 470 531 cunio
494 474 626 531 carmina
648 474 780 531 uorsibus
803 475 923 531 minutis

385 571 444 637 lu's,
467 571 536 628 olim
558 571 662 642 arcibus
685 576 711 628 et
732 588 813 628 meus
837 570 970 629 Catullus

387 673 412 725 cl
435 666 547 727 Caluus
569 672 739 741 aaronque.
778 669 828 727 sed
850 669 920 740 quid
943 669 982 727 ad
1003 670 1068 727 ms?

387 783 465 824 unus
488 766 606 824 Plinius
630 770 670 824 est
691 767 762 824 milii
780 769 911 840 priores:

387 865 501 922 nwuull
522 864 681 922 uersiculos
702 865 766 936 foro
789 864 886 921 relicto

386 963 560 1034 dwaud,
583 961 659 1034 quod
681 966 757 1020 amet
773 965 908 1034 putatores
933 964 1038 1021 amari.

385 1058 433 1116 illc
457 1057 584 1132 Opilius,
607 1059 656 1116 illc
679 1064 746 1132 quot
769 1057 909 1117 Catones!

385 1157 396 1213 i
418 1173 509 1222 nunc,
532 1158 662 1230 plumis
685 1175 781 1223 ansas,
805 1174 907 1216 ornare
927 1158 997 1219 noli.

151 1274 182 1331 et
203 1271 262 1331 elio
286 1272 350 1331 loco
375 1269 403 1348 [I
429 1275 484 1351 16,
508 1270 542 1349 5]
566 1272 645 1331 idem
669 1272 783 1331 Plinius
812 1274 906 1332 refert
935 1271 971 1330 ds
995 1271 1138 1348 Pompeio
1163 1273 1324 1335 Saturnino

151 1369 325 1446 multiplicis
353 1372 465 1449 ingenii
494 1371 625 1431 homine:
653 1375 806 1445 moderes
828 1372 900 1443 facil
927 1370 1326 1444 numemculatoris

151 1472 204 1526 sut
222 1468 346 1537 Caluus,
369 1488 401 1529 rc
422 1488 495 1530 uara
517 1471 617 1544 quatu
636 1468 769 1528 Catullus
792 1473 844 1528 aut
863 1467 983 1529 Cduus.
1015 1473 1155 1543 quantum
1173 1471 1233 1529 illis
1250 1471 1326 1545 lepo-

150 1568 209 1633 ris,
231 1567 405 1635 dulcedinis,
429 1568 649 1634 amaritudinis,
675 1569 791 1626 anub.
831 1568 934 1625 inserit
954 1584 1039 1634 sanc,
1062 1569 1112 1626 sed
1134 1569 1204 1628 dala
1226 1586 1325 1644 opera

150 1664 284 1724 nullibus
306 1666 471 1740 leuibusqrre
494 1666 677 1726 duriusculos
704 1666 856 1738 quosdam,
884 1669 909 1723 et
936 1665 988 1723 lesa
1010 1668 1095 1738 quasi
1119 1663 1252 1727 Catullus
1274 1673 1327 1728 aul

153 1759 272 1822 Caluus.
319 1764 424 1824 etalii
448 1764 528 1823 baud
551 1763 652 1840 pensi,
681 1766 795 1839 quanta
822 1763 1003 1822 auctoritaie
1030 1763 1152 1823 floreret
1175 1761 1324 1842 Catullus,

151 1865 215 1919 tum
239 1864 403 1922 ostendere.
440 1863 555 1940 pesseri
578 1861 705 1920 Lesbiae
729 1860 824 1920 Stella
847 1862 988 1937 opposuit
1010 1861 1179 1921 columbam
1204 1862 1325 1923 Violen-

150 1960 234 2020 tillee
262 1957 313 2041 (cf.
342 1981 446 2022 comm.
474 1961 513 2021 ad
541 1980 565 2020 c.
589 1953 632 2039 l);
661 1977 716 2018 nec
744 1958 833 2018 aliter
859 1959 988 2018 inmense
1018 1963 1049 2018 et
1079 1959 1193 2020 Unicus
1221 1953 1325 2041 (Mart

149 2058 206 2117 XII
232 2052 288 2140 44)
317 2065 347 2119 et
371 2060 504 2136 Sulpicia
526 2057 630 2116 Caleni
658 2071 764 2116 uersus
787 2057 932 2116 fecerunt
978 2057 1021 2116 sic
1049 2058 1190 2117 uixerunt
1212 2056 1326 2118 Catulli

150 2158 281 2216 earmina
304 2158 434 2235 minuta,
457 2177 524 2218 cum
548 2154 669 2215 interim
698 2155 786 2214 docte
814 2155 879 2215 eius
902 2159 1042 2231 poemata
1064 2156 1215 2216 obliuione
1239 2156 1325 2216 obrui

149 2254 325 2330 saepissent.
358 2256 418 2315 iam
441 2256 519 2315 enim
543 2253 596 2331 qui
614 2252 730 2312 uiribus
755 2253 792 2311 ad
816 2254 986 2329 exemplum
1008 2238 1068 2313 cciv
1085 2250 1237 2332 νεωτέρων
1255 2273 1324 2314 con·

150 2352 300 2413 roboratis
324 2355 427 2430 poesin
447 2354 611 2413 Romanam
635 2351 672 2411 ad
692 2370 841 2410 summum
862 2351 1050 2411 adduxerant
1072 2370 1227 2429 sesemen,
1250 2354 1325 2414 Ver·

151 2450 243 2526 gilius
267 2472 339 2528 prae
361 2453 470 2513 ceteris
494 2450 689 2526 Ouidiueque,
712 2449 756 2508 ite
779 2450 836 2526 ipsi
860 2450 1029 2525 exemplum
1052 2454 1143 2526 atque
1166 2471 1272 2512 norme
1294 2453 1325 2512 in

150 2567 236 2609 omne
255 2554 373 2628 tempus
393 2554 480 2612 erant
497 2549 583 2622 facti,
606 2552 640 2607 ut
659 2552 795 2608 ueterum
814 2548 935 2607 illorum
950 2549 1064 2625 epyllia
1078 2550 1197 2626 eclogas
1212 2549 1325 2627 elegias

149 2648 318 2725 similisque
341 2651 493 2710 rarissime
517 2650 565 2709 bis
590 2649 638 2707 usi
661 2648 711 2706 ille
734 2649 851 2705 ametor
869 2647 974 2706 doctus
993 2647 1163 2723 inspiceret
1196 2648 1274 2707 unde
1293 2649 1326 2707 in

149 2747 245 2821 poetis
275 2748 365 2823 epicis
397 2749 457 2806 iam
487 2747 681 2824 sequentibus
709 2763 804 2821 pausa
831 2746 951 2805 omnino
979 2745 1124 2822 reperies,
1152 2763 1229 2822 quae
1258 2747 1325 2806 inre

149 2845 270 2930 qpidem
298 2865 333 2905 ex
362 2844 483 2906 Catullo
510 2848 575 2922 ipso
603 2847 720 2922 possint
747 2843 846 2921 putari
875 2842 1025 2902 deriuata:
1054 2841 1207 2919 Lamnus,
1231 2842 1323 2904 Silius

150 2941 286 3018 Italicus,
314 2943 453 3004 Valerius
483 2945 619 3017 Flaccus,
649 2945 777 3015 Statius,
806 2961 895 3019 porro
924 2961 959 3000 er
988 2941 1116 3001 satiricis
1141 2942 1262 3001 Persius
1292 2946 1324 3002 et

118 3038 315 3115 ‘quenalis
344 3063 525 3120 quamquam
547 3046 697 3103 nonerunt
724 3043 787 3101 sine
810 3040 901 3099 dubio
930 3039 1084 3099 Catullum
1113 3042 1145 3098 et
1170 3040 1321 3100 interdum

150 3158 216 3197 cum
240 3143 304 3198 eius
328 3140 532 3201 recordatione
555 3142 611 3200 hes
634 3142 683 3200 nel
707 3141 760 3199 illa
782 3139 931 3198 locutione
956 3138 1021 3196 siue
1042 3137 1173 3214 imsgine
1191 3138 1239 3197 usi
1257 3157 1324 3198 esse

149 3240 276 3313 possunt
299 3238 408 3314 uideri,
435 3243 537 3297 temen
565 3239 673 3298 altiora
700 3237 820 3314 quidem
849 3236 950 3295 studia
978 3237 1028 3294 uix
1050 3253 1123 3311 prae
1152 3254 1185 3295 ee
1212 3236 1323 3297 ternnt

150 3334 202 3394 sed
225 3336 408 3396 minutorum
437 3337 602 3396 carminum
630 3337 721 3395 etiem
749 3340 815 3394 tum
843 3335 955 3394 mansit
984 3335 1077 3393 honos
1107 3338 1199 3410 etque
1222 3341 1323 3395 eusto-

150 3435 237 3509 ritaS,
261 3452 328 3493 sum
351 3436 517 3512 imperante
543 3436 694 3493 Hadriano
719 3435 889 3493 litterarum
908 3433 1099 3491 colendarum
1119 3432 1248 3492 mutatio
1270 3433 1325 3492 ille

149 3534 261 3606 euenit,
285 3552 344 3609 qus
367 3534 465 3609 prisce
488 3538 518 3592 et
541 3534 677 3593 obsoleta
700 3534 730 3590 in
753 3531 867 3591 deliciis
891 3536 985 3590 erant
1028 3534 1182 3589 testantur
1204 3532 1323 3592 illorum

148 3631 228 3705 epud
252 3631 385 3690 homines
410 3635 562 3709 elegentes
591 3632 763 3712 memoriam
794 3631 896 3689 uiuam
919 3628 1129 3704 inscriptiones
1153 3631 1324 3704 nonnullae,

148 3746 216 3786 sum
240 3748 292 3787 ese
317 3749 390 3805 quas
415 3730 453 3789 ad
476 3750 500 3790 c.
520 3731 565 3789 111
588 3728 818 3789 commentarius
840 3728 1005 3802 exhibebit,
1029 3727 1094 3785 tum
1116 3730 1223 3787 notum
1247 3728 1323 3788 illud

148 3827 185 3885 ed
210 3826 352 3903 Priapum
376 3847 481 3902 pserns
505 3822 549 3907 (in
570 3828 683 3904 Meyeri
703 3828 793 3886 Antb.
814 3828 865 3886 let
889 3829 986 3901 1704,
1009 3825 1047 3883 cf.
1066 3826 1103 3884 de
1122 3826 1187 3884 eius
1207 3823 1324 3902 origine

148 3944 218 3984 uere
238 3927 363 4002 antiqua
379 3925 548 3986 bfflertzius
568 3927 657 3984 ensll.
676 3926 713 3984 ed
734 3945 823 3985 sarm.
839 3924 956 3984 Horati„
971 3923 1042 3983 hist.
1056 3927 1134 4000 pert
1148 3922 1195 3982 111
1214 3944 1242 3999 p.
1259 3917 1324 4002 19),

148 4024 229 4102 quod
252 4030 287 4083 nt
310 4023 428 4084 Horatii
452 4025 495 4083 ita
519 4022 630 4083 Catulli
653 4023 875 4083 imitationibus
899 4023 1021 4098 plenum
1045 4014 1144 4102 est⁸):
1168 4020 1266 4094 dedit,
1290 4025 1325 4080 ut

238 4247 264 4318 *t
288 4249 373 4305 etiem
397 4250 516 4303 leuiores
539 4249 711 4304 imitationes
735 4247 818 4303 huius
843 4246 975 4302 carminis
999 4246 1069 4300 utile
1089 4247 1133 4300 est
1151 4261 1324 4316 computare.

149 4330 239 4384 ueluti
257 4348 284 4384 u,
300 4337 315 4385 3
330 4349 389 4399 sqq.
412 4331 449 4384 da
468 4330 535 4383 milri
554 4336 584 4383 ul
599 4332 734 4399 pressiset
748 4336 779 4384 nt
793 4330 893 4399 puellis
906 4330 1015 4395 [assim
1029 4328 1156 4396 um·
1170 4328 1250 4382 δοκὼ
1260 4342 1325 4397 pro-

148 4411 208 4465 caci
225 4411 382 4480 laribusque
399 4411 585 4480 srequcrdibus
604 4412 722 4480 unisque
739 4411 868 4479 &sapen
887 4425 968 4464 curas
985 4410 1080 4464 anuo
1092 4413 1218 4463 mter
1235 4407 1325 4462 uerba
