2940 4912
642 330 721 385 XXV
740 336 818 387 3-5.
1139 351 1141 354 ’
1254 331 1316 397 169

145 494 205 551 m
224 498 272 563 12,
291 497 309 548 6
327 495 386 548 ima
403 495 476 564 quod
493 495 576 548 aiunt
599 493 729 548 auricula
750 493 868 549 mollior.
888 524 920 533 -
944 493 974 548 6.
998 493 1049 548 661
1072 506 1148 563 pene
1171 492 1317 561 languldo

144 582 231 639 neela
268 580 404 637 Astatiae
428 600 470 652 ap.
493 583 578 637 sende
595 583 726 638 detritum
749 583 911 637 rutabulum
929 582 1257 652 Naeuiicom.12⁷ll.;
1282 585 1316 639 oi.

144 675 171 727 et
192 672 256 727 Tib.
280 670 374 741 Priap.
399 678 429 738 2,
454 676 471 726 6
498 673 573 727 inere
599 672 683 727 acuile
708 672 790 740 penta
813 673 912 726 extulit
934 677 1031 741 caput,
1059 670 1172 727 Maxim.
1197 673 1266 743 eleg.
1292 680 1317 742 6,

144 768 175 818 te
187 780 263 831 sqq„
283 761 341 816 Cic.
361 760 396 816 de
410 779 467 817 sen.
482 766 507 829 6,
523 767 557 816 26
577 762 713 831 laupaida
730 765 859 816 senectia.
882 792 913 801 -
933 762 1054 828 situque
1073 775 1231 818 mneoao.
1258 761 1319 818 tela

143 868 307 907 mearum
326 852 456 921 squalore
476 851 577 906 obruta
595 852 638 919 (ut
655 850 689 904 fit
707 850 736 905 in
755 850 899 917 desertis);
919 849 1022 906 Tibull.
1042 849 1134 921 Priap.
1153 858 1179 920 2,
1198 857 1233 907 30
1252 869 1317 907 aru·

143 958 237 997 mosas
254 942 360 996 6666666
377 943 462 1007 sorem
479 943 564 1007 eitun,
583 940 664 1010 Prop.
681 939 721 993 III
739 947 764 1007 6,
785 945 819 994 66
834 941 929 1009 putria
946 957 1058 995 orauca.
1079 972 1113 981 -
1132 941 1161 996 4.
1180 940 1317 1009 idemque

144 1030 217 1086 xxu
236 1037 263 1085 6.
282 1061 319 1071 -
337 1029 461 1085 turbida
486 1030 629 1099 rapacior
646 1029 794 1098 procella.
832 1027 942 1098 ‘rapax‘
962 1028 1063 1084 fortius
1082 1032 1126 1086 est
1142 1032 1241 1101 utpote
1259 1031 1318 1086 uim

144 1125 269 1192 epertem
288 1118 417 1174 indicans
435 1136 520 1189 quam
540 1119 623 1185 ‘iur’3
648 1117 703 1175 Cic.
723 1119 754 1173 in
771 1119 826 1173 Pis.
846 1123 890 1185 2⁷,
909 1123 944 1173 66
963 1119 1028 1173 olim
1045 1120 1225 1188 furunculus,
1243 1139 1319 1177 nunc

143 1227 247 1279 rapax,
266 1207 359 1263 Plaut.
374 1207 445 1263 hieu.
462 1209 485 1263 V
501 1215 525 1276 7,
541 1215 575 1263 26
593 1224 644 1263 uos
662 1225 787 1277 rapaces,
808 1224 857 1263 noa
870 1209 1032 1277 praedones.
1062 1209 1143 1264 Ouid.
1159 1225 1183 1265 a.
1199 1226 1224 1265 a.
1238 1212 1250 1264 l
1265 1216 1318 1267 386

144 1317 233 1370 rapas:
251 1316 305 1369 per
326 1315 402 1353 erare
423 1303 522 1353 uentus
544 1299 617 1369 cpit,
639 1297 718 1353 Lacr.
743 1298 781 1353 vl
804 1303 857 1353 376
880 1303 1073 1368 tempestasque
1096 1300 1182 1356 cietw
1206 1301 1319 1356 turbida

144 1390 221 1445 caelo.
243 1419 274 1427 -
296 1388 325 1443 t.
346 1401 414 1442 cum
432 1387 505 1442 diua
523 1386 634 1442 muller
653 1388 735 1443 aries
754 1386 892 1443 ostendet
911 1387 1101 1444 ossistuntes.
1131 1388 1170 1443 sic
1189 1387 1227 1454 03
1246 1406 1318 1458 quae

145 1477 325 1535 dhaetenue
343 1476 465 1532 correxit
482 1476 558 1548 quod
579 1477 715 1532 ‘ostendit
738 1476 903 1531 oscitantes'
924 1476 1061 1546 restituit,
1084 1494 1136 1548 pro
1156 1478 1252 1534 ‘aries’
1272 1495 1318 1533 ex·

145 1568 242 1622 bibens
263 1566 359 1622 ‘alios’
380 1583 444 1621 aum
462 1566 549 1621 uariis
569 1566 736 1621 lectionibus
757 1565 846 1620 ‘aues'
868 1568 897 1621 et
916 1565 1027 1621 ‘aries'z
1047 1567 1083 1621 ab
1103 1566 1126 1623 0
1145 1566 1321 1637 proficiscen·

147 1657 210 1712 dum
229 1673 292 1712 esee
311 1655 387 1711 ultro
406 1658 526 1726 apparet
543 1656 573 1708 in
588 1656 650 1711 loco
664 1672 753 1726 paene
773 1655 949 1711 conclamato
964 1658 994 1710 et
1007 1657 1227 1712 coniecturarum
1246 1658 1320 1712 nube

145 1745 252 1803 obruto.
280 1746 390 1817 priores
408 1747 503 1800 666666
522 1763 586 1800 cum
604 1745 649 1800 his
668 1745 760 1800 uerbis
778 1743 921 1799 turbidam
940 1745 1094 1815 procellam
1109 1746 1224 1817 depingi
1238 1748 1320 1817 puta·

146 1839 205 1891 rent
222 1837 295 1891 duce
314 1835 436 1891 lectione
455 1834 550 1905 peiore
573 1836 683 1903 ‘aues’,
701 1835 774 1889 illud
793 1834 976 1890 ‘oscitantes‘
997 1838 1047 1890 aut
1059 1840 1230 1905 acceperunt
1249 1836 1321 1892 ‘cla-

147 1927 269 1983 mus’
295 1928 346 1980 aut
368 1925 423 1980 hoc
444 1925 505 1980 fieri
529 1943 585 1980 non
609 1940 692 1995 posue
715 1924 914 1995 intellegentes
933 1925 962 1979 iu
982 1926 1168 1980 ‘osoiuentes'
1189 1926 1322 1993 (Faernus

147 2016 319 2085 Statimque)
338 2013 383 2069 uel
405 2013 587 2069 ‘occinentes'
607 2014 768 2083 (Anantius)
786 2016 980 2081 mutauerant;
998 2013 1030 2067 iu
1044 2014 1158 2070 exordio
1176 2032 1242 2070 uero
1258 2030 1320 2070 oon·

147 2105 270 2160 iecerunt
287 2103 364 2159 idem
383 2103 522 2158 Auentina
543 2103 625 2158 ‘dina
643 2105 734 2158 mater
752 2104 852 2158 alites'
873 2104 911 2173 (h.
932 2120 955 2158 e.
974 2104 1105 2174 Tethys),
1124 2104 1250 2175 Scaliger
1270 2105 1322 2160 ‘de

148 2193 193 2248 ais
209 2194 312 2249 mulier
334 2193 424 2261 anes',
443 2193 605 2248 BGuariuua
625 2192 698 2247 ‘dira
716 2192 800 2248 maris
825 2192 914 2247 hiems
933 2194 1022 2249 aues'.
1060 2193 1110 2249 sed
1128 2210 1260 2264 peruersa
1279 2199 1322 2250 est

148 2286 206 2338 tole
223 2283 281 2337 iat-a
298 2283 387 2350 ratio,
406 2280 546 2352 siquidem
565 2282 658 2336 uerbis
679 2282 804 2337 ‘turbida
823 2282 958 2352 procella’
980 2283 1009 2336 in
1028 2283 1117 2338 solam
1135 2283 1322 2353 comparatio·

149 2390 209 2428 nem
230 2371 336 2428 additis
359 2390 433 2427 nuno
456 2373 652 2442 exponendum
671 2373 745 2442 erat,
770 2372 819 2426 ubi
843 2390 871 2427 ee
890 2372 985 2428 Thalli
1007 2373 1148 2444 rapacitas
1171 2375 1320 2432 exerceret.

151 2462 341 2517 lachmannus
365 2461 452 2531 igitar
474 2462 560 2517 aliam
584 2462 660 2517 uiam
684 2462 825 2532 ingressus
851 2462 976 2518 restituit
999 2462 1219 2527 ‘munerarios’3
1247 2462 1322 2531 quod

150 2556 239 2607 tumen
264 2549 435 2606 uocabulum
463 2552 536 2607 team
560 2551 675 2617 Quintil.
697 2550 748 2605 VH
772 2558 802 2621 3,
825 2558 860 2606 24
888 2551 995 2621 primus
1023 2552 1154 2608 adhibuit
1180 2553 1321 2622 Augustus

150 2641 267 2711 glossae
291 2640 322 2694 in
343 2638 403 2695 Mai
426 2642 499 2695 auct.
525 2640 605 2695 class.
626 2639 665 2693 Vl
686 2646 738 2694 634
760 2643 936 2696 munerariae
958 2644 1007 2711 qui
1029 2659 1142 2696 cauma
1165 2643 1227 2709 dat,
1250 2641 1277 2696 h.
1297 2659 1320 2695 6.

150 2730 226 2784 ludos
240 2729 439 2800 gladiatorios:
460 2729 572 2784 Sueten.
587 2730 668 2783 Dom.
686 2736 731 2797 10,
751 2729 814 2785 Seu.
832 2731 902 2784 rhet.
918 2732 1042 2786 controu.
1058 2729 1095 2783 IV
1111 2730 1206 2800 praei,
1227 2729 1321 2796 Quint.

151 2819 216 2874 decl.
238 2819 276 2873 lx
295 2823 337 2888 6);
357 2836 389 2872 ex
409 2836 465 2886 qno
485 2836 569 2888 quern
588 2818 693 2873 iustum
713 2820 828 2888 quidem
847 2837 957 2874 sensum
977 2821 1127 2887 extendas,
1147 2819 1262 2874 difficile
1281 2837 1322 2875 re·

151 2909 237 2979 peries
255 2911 300 2978 (ut
319 2911 348 2963 et
366 2926 399 2962 ex
414 2907 576 2978 Hauptiano
592 2907 792 2963 ‘mulierarios'
814 2926 865 2963 nec
884 2925 944 2963 are
960 2909 1077 2965 metrica
1090 2912 1171 2978 tuto).
1203 2909 1320 2964 ‘diuam’

150 3002 241 3053 antem
260 2998 431 3053 recentiores
451 2998 593 3067 accipiunt
616 2999 675 3052 siue
695 2999 787 3053 lurum
806 2999 889 3054 deam
906 3000 1062 3053 Lauernam
1083 3001 1166 3067 (unde
1185 2998 1322 3070 Bergkius

151 3088 221 3143 ‘cnm
239 3088 308 3144 diua
327 3088 461 3142 muttions
481 3088 572 3154 aues')
592 3087 651 3142 siue
671 3088 829 3142 Larundam
845 3087 960 3155 (Placid.
976 3106 1002 3157 p.
1019 3096 1062 3155 60,
1077 3095 1111 3142 26
1128 3089 1158 3144 D.
1174 3089 1322 3154 Larunda,

150 3197 226 3248 pean
248 3179 364 3249 quidam
387 3179 464 3231 uiam
486 3179 582 3232 dicunt
603 3176 766 3232 Schwabius
790 3178 910 3233 coniecit
930 3178 1069 3245 ‘diuam’,
1089 3195 1140 3248 ego
1165 3179 1240 3247 qnod
1261 3195 1322 3246 pro·

149 3267 237 3322 tiores
256 3274 344 3323 testes
362 3268 499 3336 praebent
519 3267 657 3321 ‘lamiam’
678 3267 724 3321 uel
745 3266 872 3322 ‘leniam’
894 3267 924 3322 in
939 3267 1086 3322 ‘Maniam’
1108 3267 1231 3336 corrigo;
1251 3271 1321 3322 cete-

150 3376 206 3412 rum
225 3357 260 3413 ci.
281 3356 421 3411 Prellerus
439 3356 525 3425 myth.
542 3357 619 3410 Rom.
640 3375 666 3425 p.
683 3360 745 3425 469)
765 3357 823 3412 siue
843 3359 1021 3428 Angeronam
1040 3357 1122 3425 (Plin.
1141 3357 1167 3412 h.
1184 3376 1209 3411 n.
1224 3357 1264 3408 Ill
1279 3361 1321 3423 65,

151 3447 232 3516 gloss.
252 3444 415 3500 Philoxeni:
434 3446 595 3516 Asperouia
612 3441 629 3514 ἡ
645 3443 716 3509 θεὸς
731 3447 779 3514 τῆς
794 3447 895 3518 βουλῆς
910 3447 959 3500 eol
973 3447 1093 3515 καιρῶν,
1114 3447 1147 3500 cf.
1163 3448 1192 3500 et
1205 3444 1322 3498 Momm·

149 3552 229 3590 senus
252 3534 353 3589 6161
376 3553 403 3604 p.
423 3538 487 3604 409)
511 3536 570 3590 siue
595 3535 715 3607 denique
739 3536 916 3606 Murci(d)am
940 3537 1068 3606 (August.
1088 3535 1114 3589 d.
1134 3553 1155 3589 c.
1176 3535 1201 3589 d.
1222 3534 1260 3588 lV
1282 3541 1323 3601 16,

151 3625 250 3681 smob.
270 3623 309 3678 IV
330 3626 365 3693 6).
403 3641 522 3693 quarum
542 3643 604 3680 oum
629 3626 707 3680 nullu
725 3641 790 3680 sane
809 3626 934 3696 placeat,
954 3625 1021 3695 quid
1039 3624 1140 3679 mirum
1160 3627 1203 3679 cst
1221 3623 1323 3678 iterum

150 3715 241 3770 diuam
261 3731 323 3769 esse
343 3714 481 3768 abiectam
502 3717 531 3769 et
549 3715 701 3769 coniecisse
718 3715 881 3770 Boehmium
903 3717 1035 3786 [quaesti.
1056 3714 1117 3769 Cat.
1137 3733 1163 3784 p.
1179 3715 1225 3786 20]
1247 3714 1323 3768 ‘con-

150 3805 213 3860 nisa
231 3821 296 3859 cnm
317 3821 394 3858 mero
413 3804 507 3874 grauis
527 3822 556 3858 ee
576 3808 627 3860 ost.
647 3806 825 3860 oscitantem’
847 3822 984 3875 porroque
998 3807 1041 3875 (ut
1055 3803 1231 3859 incredibilia
1245 3804 1323 3857 blun-

151 3895 222 3950 rouia
245 3895 363 3950 inuenta
388 3893 509 3961 mittam)
534 3911 578 3947 me
602 3893 694 3964 ipsum
719 3895 793 3949 ‘cum
818 3896 879 3950 dira
903 3894 1070 3950 uinulenties
1095 3912 1119 3949 o.
1140 3894 1324 3949 oscitantes'?

151 3985 230 4039 sttuli
254 3985 417 4039 commenta
439 3981 648 4050 memorabilia,
675 3983 823 4055 neglegam
847 3985 944 4054 inepta
967 3986 1012 4053 (ut
1033 3982 1132 4053 Heysii
1156 3984 1235 4037 ‘cum
1258 3981 1324 4036 luna

151 4073 359 4142 mulierarios’).
389 4090 438 4127 nec
458 4090 531 4127 nunc
551 4091 632 4128 curae
652 4074 764 4143 saepius
782 4074 921 4143 repetitae
940 4073 1015 4142 quod
1035 4072 1112 4129 omni
1130 4089 1147 4125 a
1166 4075 1244 4141 parte
1265 4070 1323 4139 pla-

150 4167 225 4218 ceret
249 4160 321 4217 mihi
351 4160 580 4230 suppeditauere,
611 4162 665 4217 nisi
695 4163 770 4232 quod
796 4163 831 4218 66
857 4161 904 4217 uia
929 4163 1052 4218 ineunda
1077 4161 1179 4216 certius
1205 4160 1323 4216 constat.

152 4268 233 4321 quern
251 4250 379 4307 ostendit
397 4267 451 4305 uox
471 4251 666 4320 ‘oscitantes',
686 4269 758 4321 quae
779 4270 833 4307 non
853 4252 943 4307 solum
963 4251 1001 4307 ad
1019 4251 1151 4306 conuiuas
1171 4266 1237 4319 prae
1258 4249 1323 4304 uiuo

150 4345 300 4397 »uniames
319 4339 419 4395 referri
441 4342 550 4409 potest,
574 4339 623 4395 sed
642 4341 728 4395 etiam
748 4344 782 4395 ad
802 4341 914 4397 eosdem
934 4356 1058 4395 securos:
1081 4340 1143 4394 Ter.
1164 4339 1248 4394 Andr.
1267 4339 1280 4392 1
1299 4346 1324 4406 2,

154 4437 184 4486 10
203 4436 296 4488 ando
313 4435 387 4487 metu
409 4432 513 4486 interca
532 4432 676 4487 oscitantes
700 4433 832 4503 opprimi,
855 4431 904 4485 ubi
924 4418 1050 4486 Donatus
1073 4434 1111 4486 est
1133 4430 1222 4484 animi
1239 4430 1325 4485 otium
