2940 4912
643 294 730 349 LXIV
750 300 791 349 1⁴.
1237 291 1303 356 365

128 457 276 527 archetypi
294 456 434 526 scriptura
453 459 529 525 (nam
548 457 577 509 et
595 472 660 525 pars
680 454 763 510 maris
787 471 850 506 cum
875 453 994 507 maxime
1018 452 1154 506 conuulsa
1176 452 1238 505 sola
1261 450 1302 504 in·

129 547 246 601 canduit
269 550 298 601 et
320 548 406 600 debet
432 545 573 614 ‘remigio’
600 544 704 598 habere
730 543 803 596 unde
828 543 951 611 pendeat
975 557 1064 610 aeque
1088 543 1174 609 atque
1199 540 1304 610 pendet

129 634 259 705 ‘spumis'
278 636 314 689 ab
330 634 511 702 ‘incanduit')
530 650 586 689 non
604 633 678 687 male
698 632 812 702 quidem
831 633 867 686 ab
882 629 962 686 Italis
977 631 1086 684 mutata
1101 630 1187 683 estin
1202 629 1301 683 ‘torta-

128 725 194 793 que'
219 724 265 793 (cf.
289 726 357 779 Aen.
380 723 418 777 lll
442 730 494 779 209
518 729 642 793 torquent
664 722 801 790 spumas),
824 717 926 775 melius
948 722 1045 774 tamen
1067 717 1148 773 nobis
1173 718 1303 771 uidemur

127 813 225 868 littera
251 813 354 867 initiali
382 830 449 883 prus
478 811 578 867 ceteris
611 809 780 879 corruptioni
808 809 929 863 obnoxia
961 806 1161 863 transformata
1193 806 1302 861 dedisse

129 903 296 973 ‘motaque‘,
316 903 419 972 quippe
434 901 509 971 quod
528 905 558 955 st
576 900 667 970 magis
685 899 835 954 conueniat
854 897 1002 953 maribam
1022 897 1143 967 primum
1162 914 1300 951 remorum

127 990 210 1062 pulsu
229 992 337 1062 agitato
356 992 386 1045 et
405 992 582 1045 confirmetur
601 1007 634 1044 eo
654 990 729 1060 quod
750 1005 846 1044 omnes
865 989 1015 1057 scriptores
1033 989 1133 1057 postea
1151 985 1186 1040 de
1205 986 1257 1040 hac
1271 1002 1301 1039 re

127 1080 215 1134 locuti
240 1080 293 1140 hoe
318 1079 457 1134 uocabulo
484 1079 594 1134 seilicet
618 1079 692 1149 apud
713 1076 856 1132 Catullum
880 1077 954 1132 lecto
977 1078 1106 1131 utuntur:
1134 1075 1215 1129 Ouid.
1235 1076 1300 1130 met.

127 1167 180 1222 Vll
201 1175 250 1222 722
269 1187 321 1238 per
339 1187 414 1225 marc
436 1187 493 1223 non
511 1175 613 1223 rnatum
628 1170 723 1236 prima
744 1169 846 1237 petiere
869 1169 980 1231 carina,
1004 1166 1079 1220 idem
1098 1183 1153 1221 am.
1173 1164 1198 1217 ll
1219 1173 1265 1233 11,
1285 1172 1301 1218 b

127 1260 223 1326 nequis
241 1275 312 1312 renio
326 1260 397 1326 freta
411 1261 493 1328 longa
507 1263 638 1324 1110110101,
657 1257 734 1327 Argo
750 1272 822 1325 uqa,
841 1255 936 1311 Manil.
952 1255 964 1307 I
980 1261 1014 1309 76
1033 1257 1203 1325 inmotusque
1216 1270 1303 1310 nouos

122 1353 227 1414 pontus
244 1348 412 1401 subduxerat
431 1349 520 1414 orbes,
545 1347 630 1401 Silius
648 1345 711 1401 Ital.
733 1346 855 1399 1111412
881 1362 914 1399 ac
937 1351 1024 1399 motus
1047 1346 1132 1399 multo
1154 1345 1301 1414 spumabat

124 1437 224 1505 remige
238 1441 341 1504 pontus
360 1441 405 1502 (ex
423 1439 520 1490 nostra
538 1436 748 1490 emendatione:
770 1434 869 1488 ‘totus’
891 1435 984 1502 codd,
1011 1433 1124 1488 ‘tortus‘
1146 1433 1300 1502 Heinsius);

125 1523 161 1577 cf.
181 1526 210 1578 et
228 1525 310 1594 Verg.
331 1525 363 1579 G.
384 1525 394 1576 I
416 1531 479 1591 130,
499 1526 601 1579 Lucan.
623 1525 731 1591 1149ος
760 1528 789 1578 et
813 1522 957 1577 sollemnis
980 1523 1179 1577 uocabulorum
1200 1521 1299 1577 ‘totns'

127 1614 156 1667 et
176 1613 290 1666 ‘motus’
312 1613 340 1666 in
360 1612 440 1666 codd.
461 1612 586 1667 contusio
612 1616 662 1668 est.
700 1630 800 1682 spuma
822 1614 917 1666 autern
940 1613 1070 1681 quamuis
1093 1611 1255 1681 saepissime
1275 1613 1304 1664 01

128 1701 220 1755 ‘caua’
237 1700 321 1767 (iuter
340 1701 489 1755 candidum
510 1705 539 1756 et
556 1703 668 1771 nigrum
683 1702 777 1756 medio
796 1702 899 1769 colors)
919 1703 949 1754 et
967 1701 1073 1755 omissa
1091 1700 1236 1755 subtiliore
1256 1716 1302 1755 eo-

126 1789 193 1843 loris
211 1789 392 1845 distinctions
413 1791 501 1845 ‘alba'
521 1791 644 1861 dicatur,
662 1809 714 1846 nec
733 1791 825 1846 solum
844 1791 873 1844 in
892 1790 1112 1859 tempestatibus,
1121 1789 1215 1857 (Ouid.
1235 1791 1301 1843 met.

127 1878 165 1932 XI
185 1883 258 1948 bol),
278 1879 326 1932 sed
346 1877 431 1933 etiam
447 1881 476 1934 in
495 1896 633 1935 remorum
654 1882 809 1951 agitatione
829 1879 920 1948 (Ouid.
936 1880 1018 1950 epist.
1034 1884 1058 1947 t,
1073 1885 1108 1933 14
1125 1880 1206 1933 remis
1224 1883 1302 1932 erma

125 1973 205 2023 canet
224 1986 314 2037 aqua,
333 1968 400 2023 ibid.
417 1976 441 2036 3,
457 1975 504 2034 011
522 1968 585 2025 Vel.
600 1968 692 2024 Ilaec.
708 1969 747 2024 III
761 1976 795 2024 32
814 1975 839 2024 ct
858 1971 913 2024 teni
932 1969 1066 2024 sariebant
1080 1984 1198 2038 aequora
1211 1968 1301 2031 sulem

128 2057 235 2112 Seneca
249 2060 348 2127 Agam.
364 2064 416 2111 440
435 2059 621 2129 dirimuntque
639 2077 725 2114 canae
743 2061 881 2114 romulum
899 2076 1012 2129 spumae
1028 2075 1114 2123 marm
1134 2055 1219 2111 Silius
1238 2057 1300 2112 Ital.

126 2145 190 2200 VIII
209 2151 262 2201 426
285 2164 342 2201 non
364 2164 479 2216 aequore
501 2166 580 2202 uerso
603 2154 659 2203 tam
682 2150 772 2204 creber
795 2150 894 2217 fractis
912 2149 1023 2205 albescit
1040 2149 1141 2216 [luctus
1158 2148 1190 2200 in
1209 2147 1302 2212 undis,

126 2235 202 2289 idem
220 2233 355 2289 11111010
381 2238 449 2290 salis
473 2239 528 2292 icta
551 2238 688 2308 nescienti
710 2239 821 2294 albescit
842 2240 929 2307 prelsu
951 2238 1036 2303 facies
1054 2253 1158 2306 perque
1183 2252 1302 2305 aequora

126 2326 182 2379 lats
198 2330 308 2392 spumat
327 2327 438 2380 canenti
455 2306 579 2382 culcitas
600 2330 710 2399 gurgite
733 2329 827 2395 limes),
846 2327 941 2380 tamen
962 2341 1015 2379 nec
1038 2324 1220 2379 condescendi
1241 2340 1301 2378 uer-

128 2416 193 2468 bum
212 2415 301 2469 multo
321 2413 388 2469 licet
406 2415 496 2469 rarius
516 2421 679 2486 usurpatum
700 2435 749 2470 sua
769 2418 847 2470 caret
865 2416 973 2471 ratione
992 2413 1085 2484 (Ouid.
1104 2416 1171 2468 met.
1190 2413 1229 2467 IV
1249 2419 1301 2467 130

123 2521 256 2573 percusso
274 2505 419 2559 recanduit
438 2506 542 2574 unda):
562 2508 595 2558 ut
613 2522 683 2560 cana
702 2511 731 2561 et
749 2504 815 2560 alba
833 2521 932 2575 spuma
950 2505 1039 2574 magis
1058 2491 1162 2558 dicitur
1180 2502 1301 2573 proprie,

127 2593 168 2647 ita
186 2593 214 2646 in
234 2591 370 2647 candendi
397 2594 533 2648 uocabulo
557 2592 703 2662 praenotet
721 2593 799 2648 notio
818 2592 923 2648 alboris
947 2595 1063 2649 nitentis
1087 2594 1301 2661 marmoreique,

127 2682 175 2750 qui
196 2681 347 2751 opponitur
367 2683 438 2735 mari
457 2683 599 2749 caeruleo,
624 2682 654 2736 id
673 2683 747 2751 quod
767 2683 878 2751 egregie
897 2683 980 2737 docet
1003 2683 1157 2753 disputatio
1177 2680 1301 2736 Lucretii

128 2770 153 2824 ll
173 2777 325 2838 ‘ibt—'lim
345 2775 375 2825 st
394 2771 459 2824 hino
478 2771 578 2838 etiam,
603 2772 651 2825 ubi
675 2772 803 2837 1011011,
824 2772 931 2825 ‘canus’
953 2777 982 2826 et
1002 2772 1147 2826 ‘candens’
1170 2773 1229 2825 siue
1249 2771 1300 2825 ‘ni-

127 2860 206 2912 ueas’
232 2877 266 2914 ex
289 2861 430 2914 contrario
454 2863 542 2925 stant,
566 2863 598 2913 11
621 2861 696 2929 apud
719 2858 776 2914 Cic.
801 2864 944 2929 prognost.
968 2861 1066 2931 fragm.
1089 2867 1119 2929 3,
1139 2866 1155 2913 3
1178 2878 1300 2929 saxaque

126 2951 283 3003 samosatis
301 2951 383 3002 niueo
404 2955 533 3017 spumata
556 2951 671 3018 liquore,
696 2950 770 3002 unde
793 2949 974 3019 corrigendus
994 2949 1160 3004 Prudentius
1179 2950 1299 3005 cathem.

130 3038 179 3091 VII
197 3044 246 3092 129
265 3029 398 3107 carrasque
413 3036 590 3108 t‘salsosque’
607 3038 698 3106 codd.)
713 3040 832 3094 candem
844 3057 943 3108 apuam
957 3042 1049 3094 tundit
1065 3043 1193 3108 pumices.
1222 3039 1299 3094 sirni-

130 3125 195 3180 liter
214 3126 397 3197 explicandae
416 3128 553 3190 dictiones
567 3129 663 3196 quales
680 3132 744 3182 sunt
757 3131 900 3184 candentes
915 3132 979 3184 cani
994 3130 1066 3197 (Tib.
1082 3129 1092 3181 I
1111 3136 1151 3197 10,
1165 3135 1213 3197 43ς
1229 3129 1299 3184 Ciris

129 3218 191 3284 320)
210 3218 239 3269 01
257 3217 376 3273 albentes
394 3219 459 3270 cami
478 3215 618 3285 (Dracont.
638 3223 663 3285 8,
683 3221 759 3286 089);
783 3218 887 3288 singuli
906 3220 996 3274 crines
1019 3236 1081 3273 cum
1105 3218 1163 3274 sint
1188 3219 1299 3288 propris

130 3305 205 3374 cani,
225 3304 318 3360 cuncti
342 3306 469 3359 efficiunt
488 3306 587 3376 eapitis
606 3324 675 3374 quas
693 3309 778 3376 poeta
802 3307 871 3361 dicit
896 3308 982 3362 niues.
1020 3311 1132 3377 praeter
1149 3309 1299 3362 1000111111-

129 3396 186 3448 tam
212 3394 301 3463 igitur
327 3394 391 3448 Itali
418 3395 464 3447 hic
489 3396 625 3449 ‘incanuit
650 3396 736 3450 unda’
762 3396 916 3450 coniecere:
943 3397 1084 3450 caerulum
1111 3415 1186 3451 mare
1212 3399 1300 3451 niueis

131 3483 235 3553 spumis
256 3487 384 3554 opertum
404 3484 458 3537 sibi
478 3484 557 3537 finxit
572 3482 699 3537 Catullus
714 3482 759 3552 (cf.
774 3489 885 3551 praeter
903 3483 994 3537 locum
1015 3482 1096 3537 Ennii
1116 3482 1152 3538 ed
1173 3490 1231 3540 11
1251 3486 1298 3539 ad·

131 3573 216 3627 latum
245 3574 352 3628 Seneca
379 3574 466 3643 epigr.
490 3581 537 3640 71,
562 3580 577 3626 6
604 3572 700 3644 [PLII.
721 3572 759 3625 IV
782 3591 809 3642 p.
829 3573 875 3644 84]
901 3573 1040 3628 camum
1064 3590 1136 3627 cana
1160 3574 1210 3628 sub
1235 3576 1300 3628 niuc

126 3670 229 3732 pontus
249 3667 326 3731 erat).
366 3682 535 3733 quamquam
556 3681 651 3717 uerum
673 3666 728 3728 est,
752 3661 867 3716 uerbum
886 3661 1062 3732 conpositum
1081 3661 1297 3716 ‘incandescere'

127 3752 179 3807 hoo
203 3769 257 3806 uno
282 3752 344 3806 loeo
368 3751 411 3806 sic
434 3750 862 3807 adhiberi.-14.emersere
887 3751 947 3807 1011
973 3750 1113 3806 oandentl
1137 3766 1153 3805 e
1177 3751 1299 3819 gurglte

129 3841 242 3898 11111111.
269 3840 439 3896 iustissimos
453 3843 522 3896 haec
538 3833 628 3895 101110Ι
638 3842 786 3894 mouerunt
804 3839 956 3910 scrupulos.
983 3856 1049 3895 nam
1064 3838 1127 3894 ‘leri
1142 3839 1247 3894 uultus’
1266 3872 1298 3880 —

128 3931 159 3985 11
175 3931 288 3987 mittans
308 3929 452 3985 lVossium
471 3928 675 3984 incredibiliter
693 3947 757 3984 cum
776 3946 844 3985 uoce
864 3929 1042 3985 ‘monstrum’
1063 3948 1089 3985 u.
1104 3946 1162 3998 seq.
1181 3929 1298 3999 iungen-

128 4023 183 4075 tem
205 4052 236 4060 -
256 4038 312 4076 non
331 4037 392 4075 esse
412 4018 546 4089 gignendi
566 4034 660 4073 011111
679 4022 704 4087 (0
731 4020 843 4089 gurgite
867 4019 1010 4086 candentI,
1035 4018 1082 4088 qui
1106 4018 1195 4073 lerum
1219 4037 1299 4088 prae-

128 4109 211 4164 babet
224 4110 408 4178 adspectum),
427 4109 509 4163 facile
523 4107 615 4178 aperit
629 4108 784 4162 sententiae
799 4107 978 4178 peruersitas,
993 4106 1130 4176 siquidem
1146 4107 1222 4162 unda
1235 4125 1297 4176 spu-

128 4203 203 4254 nau
221 4199 336 4254 minime
355 4199 418 4253 uisu
439 4197 521 4251 ioedu
545 4199 594 4250 est.
633 4197 676 4250 sin
696 4197 815 4252 ‘uultus'
835 4215 885 4267 pro
908 4197 1083 4253 nominatiuo
1103 4197 1238 4252 habemus
1256 4199 1299 4266 (ut

128 4287 324 4343 commendant
348 4289 377 4340 et
396 4287 524 4341 Dirarum
548 4289 578 4339 et
596 4285 656 4340 Silii
681 4285 853 4340 imitationes
871 4304 936 4342 mox
955 4287 1146 4355 adterendae),
1165 4305 1221 4357 quo
1239 4287 1298 4342 iura

128 4375 278 4433 Nereidum
299 4379 393 4432 uultus
414 4377 542 4430 dicantur
562 4373 636 4429 ‘leri'
659 4376 806 4431 obscurum
831 4380 887 4443 est,
911 4377 1014 4447 quippe
1037 4377 1112 4446 quod
1131 4376 1297 4432 attributum
