2940 4912
641 322 728 377 CXIV
746 329 824 378 2-6.
1254 323 1319 387 605

146 489 207 541 tum
233 484 406 541 sermonibus
431 485 516 555 poeta
540 485 583 539 ita
606 484 742 554 adripuit,
767 486 799 539 ut
824 482 970 553 prodigam
996 483 1115 539 hominis
1141 483 1228 539 616661
1255 484 1321 540 6166

147 575 356 646 perstringeret.
399 574 488 629 solnm
513 573 601 644 igitur
626 572 769 644 ingentem
797 571 1020 641 magnitudinem
1049 572 1172 628 ‘saltus’
1201 573 1320 639 indicat;

150 681 215 719 nam
234 664 324 719 altera
343 660 508 733 explicatio,
533 678 626 731 6666
644 661 782 730 qualitate
801 678 931 731 agrorum
950 663 1038 716 661166
1056 667 1107 729 est,
1124 663 1174 716 661
1191 664 1280 716 alnae
1297 668 1322 716 et

143 754 285 823 pastiones
306 759 372 808 6666
395 750 479 818 (Fest.
504 770 531 821 p.
551 757 616 816 3023
641 751 675 806 ci.
699 753 728 806 et
750 749 830 803 Varr.
850 750 877 804 d.
896 749 914 804 1,
934 749 952 804 l.
971 750 997 804 V
1020 756 1054 806 66
1080 752 1110 804 66
1133 752 1321 806 Mommsenus

148 843 267 896 Hermae
281 841 332 895 XV
348 859 375 911 p.
390 845 461 908 392),
481 839 640 909 asequenti
654 839 743 894 saltus
761 838 885 892 Firmani
904 839 1093 908 descriptione
1111 839 1157 894 hic
1175 840 1319 911 redargui·

148 935 205 985 tur:
232 947 285 986 nec
313 930 374 1000 agri
403 929 472 984 culti
496 935 632 999 prataque
655 946 708 985 nec
732 928 866 982 siluarum
893 929 1110 984 conmemoratio
1139 929 1245 984 diserta
1272 929 1321 983 ad-

147 1020 265 1074 mittunt
283 1019 498 1088 explicationem
523 1018 611 1074 illam.
650 1018 761 1073 ‘diues’
782 1034 838 1073 non
862 1019 951 1072 solum
977 1018 1014 1072 66
1032 1005 1209 1073 fertilitatem
1227 1017 1321 1088 (Ouid.

148 1124 216 1163 aa.
237 1106 333 1161 11263
357 1108 422 1162 dum
446 1109 609 1162 6666661666
632 1109 707 1176 aper)
731 1106 783 1160 soli
808 1105 946 1161 Picentini
969 1105 1061 1176 (Varr.
1085 1109 1112 1164 d.
1131 1127 1153 1162 r.
1172 1127 1194 1163 r.
1215 1108 1226 1161 Ι
1245 1112 1275 1176 2,
1297 1113 1321 1177 7,

149 1194 256 1251 Colum.
272 1195 348 1263 1113,
364 1200 401 1264 2),
420 1194 469 1250 666
488 1195 574 1249 etiam
593 1193 630 1247 ad
649 1195 744 1264 largos
763 1195 864 1262 quiex
879 1194 953 1249 saltu
973 1195 1022 1251 illo
1041 1196 1199 1251 redundant
1215 1196 1322 1252 fructus

148 1286 271 1355 6666666
290 1284 362 1338 CXV
382 1291 406 1339 3.
426 1315 458 1324 -
479 1283 508 1339 2.
528 1283 580 1352 661
599 1283 648 1339 tot
665 1297 716 1338 res
734 1284 766 1338 ln
786 1298 818 1339 sc
837 1284 929 1339 habet
948 1285 1098 1352 egreglus.
1126 1286 1323 1355 complectitur

149 1380 187 1427 166
206 1375 290 1440 bono,
309 1370 381 1427 CXV
400 1378 429 1439 43
454 1371 608 1426 conmiscet
629 1371 687 1425 iam
710 1374 795 1441 poeta
819 1375 848 1426 et
865 1375 961 1442 partes
984 1373 1109 1442 singulas
1128 1375 1216 1430 saltus
1234 1377 1265 1429 et
1288 1392 1322 1431 66

149 1479 221 1530 6666
246 1462 276 1515 16
302 1461 346 1515 616
372 1461 524 1530 gignuntur
547 1476 580 1514 ac
605 1461 714 1516 lucrosa
737 1462 815 1515 sunt:
839 1491 872 1500 —
899 1460 928 1515 6.
952 1463 1096 1535 aucupia,
1122 1477 1209 1520 omne
1228 1480 1323 1532 genus

150 1551 259 1621 piscis,
290 1551 394 1621 prata,
425 1563 501 1604 arua
531 1549 683 1618 ferasque.
726 1549 861 1619 intellege
890 1567 957 1604 aues
989 1551 1085 1605 edules
1116 1557 1226 1622 captas,
1253 1572 1323 1622 quas

149 1640 287 1708 praebent
304 1656 367 1693 cum
391 1638 507 1708 paludes
529 1640 590 1691 tum
614 1655 681 1693 uero
708 1638 796 1693 siluae
815 1637 899 1705 (Cels.
919 1638 1139 1707 11268666.
1159 1661 1236 1712 pron.
1256 1649 1287 1709 6,
1307 1651 1323 1698 6

147 1731 295 1798 peregrino
321 1729 468 1796 aucupiu);
494 1726 645 1795 ‘aucupia’
675 1728 763 1781 habet
784 1726 821 1794 V,
846 1726 947 1782 melius
974 1728 1045 1782 illud
1072 1727 1185 1799 uirgula
1208 1731 1324 1799 dempta

150 1817 345 1870 inmutandum
364 1834 448 1885 quam
467 1816 496 1870 iu
512 1815 696 1885 τ6666616166.
729 1816 821 1870 ‘omne
836 1816 937 1886 geuus'
952 1816 1189 1872 indeclinabiliter
1207 1836 1258 1886 pro
1275 1820 1322 1873 66-

150 1906 248 1961 uerbio
266 1906 389 1975 positum
409 1906 584 1976 (Kuehnerus
610 1922 650 1973 gr.
670 1904 688 1958 l.
714 1905 739 1958 ll
763 1923 789 1974 p.
811 1909 873 1973 188)
897 1910 963 1960 sunt
986 1907 1120 1974 quicum
1146 1905 1241 1974 ‘aue.',
1260 1910 1325 1962 sunt

151 1995 281 2063 quicum
300 1995 461 2050 6666666166
485 1993 618 2049 nimirum
638 1993 744 2063 ‘piscis'
770 1993 902 2064 iungant:
926 1995 1020 2062 nobis,
1044 1994 1092 2062 661
1115 1995 1223 2049 tractus
1246 1993 1322 2050 illius

151 2083 180 2136 in
199 2084 368 2152 antiquitate
387 2086 517 2137 naturam
533 2083 563 2137 66
576 2082 723 2152 gignentia
736 2083 889 2150 nescimus,
908 2083 988 2137 litem
1007 2083 1164 2138 discernere
1182 2083 1229 2137 uix
1248 2084 1322 2139 11666

151 2173 185 2226 66
202 2172 303 2242 pratis,
322 2189 441 2240 quorum
459 2172 566 2226 reditus
585 2172 705 2226 maxime
724 2171 841 2240 respicit
858 2174 955 2240 poeta,
975 2173 1008 2230 ci.
1029 2172 1135 2227 Colum.
1154 2172 1180 2225 11
1201 2179 1233 2227 16
1253 2175 1324 2242 (17);

153 2279 216 2315 cum
235 2261 336 2330 quibua
357 2278 426 2315 arua
444 2260 503 2315 siue
522 2277 605 2330 agros
623 2260 714 2315 cultos
734 2258 904 2330 coniungere
923 2262 1068 2328 6666666,
1087 2265 1119 2315 66
1138 2259 1193 2315 (iic.
1214 2261 1240 2316 d.
1255 2281 1281 2315 n.
1296 2261 1323 2318 d.

151 2349 230 2418 144,
252 2357 314 2406 122:
337 2352 406 2405 haec
424 2349 579 2404 Mentulam
598 2366 711 2404 nummo
736 2349 843 2404 locasse
866 2350 1011 2419 probabile
1035 2351 1086 2404 est.
1125 2349 1323 2413 ’1666616661-

152 2440 214 2509 lege
234 2456 297 2494 sues
316 2439 389 2494 ieras
408 2455 548 2507 aprosque
573 2441 735 2507 ceteraque,
760 2454 832 2507 quae
856 2439 945 2494 siluae
968 2437 1112 2508 saltusque
1131 2438 1324 2503 6666161666-

152 2530 221 2583 6666
235 2527 436 2597 (uenationem,
454 2527 614 2597 germanice
630 2527 815 2597 ‘Wildpret').
844 2528 973 2597 ingentes
991 2527 1125 2598 pecunias
1144 2529 1185 2582 sic
1204 2545 1237 2583 ex
1251 2529 1324 2583 saltu

152 2618 308 2672 redundare
326 2617 479 2687 possessori
498 2616 672 2686 perspicitur.
698 2646 731 2656 -
754 2616 783 2672 4.
804 2616 1030 2684 reiqulcquamr
1055 2618 1175 2673 tructus
1198 2617 1324 2688 sumpti-

151 2707 207 2762 bus
231 2707 389 2776 exuperat.
431 2707 464 2761 cf.
489 2705 554 2759 XXI
579 2710 594 2759 'l
618 2703 716 2773 (LXIV
743 2707 812 2773 161),
856 2705 996 2760 ‘fructus'
1026 2709 1092 2782 sunt
1114 2707 1233 2762 reditus:
1260 2708 1323 2763 Ter.

150 2795 261 2850 Phorm.
283 2795 321 2849 lV
340 2802 365 2862 3,
381 2803 428 2862 76,
448 2793 660 2860 (1161166116,
681 2799 727 2862 18;
747 2793 936 2849 Ρ1666Ρ666.
952 2795 1004 2861 16,
1025 2801 1059 2849 ul
1077 2813 1133 2850 non
1151 2799 1222 2851 enim
1236 2801 1325 2866 potest

150 2891 277 2954 66666166
295 2886 451 2949 consistere,
470 2886 495 2938 si
512 2901 572 2938 eum
590 2889 859 2952 sumptuosarum,
878 2882 958 2938 Varr.
978 2884 1004 2937 d.
1024 2901 1045 2939 r.
1065 2903 1087 2938 r.
1106 2886 1117 2938 l
1137 2890 1171 2940 63
1190 2888 1324 2940 661666

151 2991 181 3028 re
197 2980 321 3044 sumptus
338 2975 460 3041 fructum
477 2978 585 3042 superet
602 2971 686 3026 aliter
704 2974 770 3025 sunt
793 2971 880 3040 dicta;
906 2973 952 3027 hic
971 2972 1045 3028 enim
1069 2991 1123 3029 nou
1142 2975 1276 3044 inpensae
1294 2975 1324 3029 in

151 3064 255 3118 saltum
273 3065 364 3118 factae
384 3065 466 3131 (6666
486 3063 584 3131 666166
605 3062 720 3116 6666661
739 3065 805 3117 6666
826 3062 856 3117 16
875 3063 944 3118 16616
968 3063 1111 3118 naturales
1130 3063 1247 3119 diuitias
1265 3065 1322 3119 iam

151 3152 386 3222 possidentibuslt
411 3151 553 3218 dicuntnr;
577 3150 627 3205 666
650 3151 756 3206 imctns
779 3168 813 3206 ex
837 3151 911 3206 66166
939 3150 1087 3207 redeuntes
1116 3151 1228 3222 inpares
1258 3154 1324 3208 suut

151 3241 273 3311 inpensis
292 3243 368 3296 uitae
387 3240 545 3295 luxuriosae
568 3257 587 3294 6
605 3239 731 3295 Mentula
749 3241 855 3295 Romae
881 3241 926 3296 661
945 3240 1014 3296 61161
1033 3245 1141 3311 genua
1165 3259 1220 3311 quo
1240 3259 1323 3297 sensu

152 3347 248 3386 uocem
275 3329 435 3399 ‘sumptus’
460 3346 544 3399 saepe
568 3329 686 3384 adhibet
711 3346 753 3384 cr.
773 3347 812 3399 gr.
840 3328 993 3385 Terentius.
1037 3330 1135 3400 itaque
1158 3348 1221 3385 cum
1246 3332 1324 3386 nullo

152 3422 237 3488 pacto
256 3419 358 3487 saltus,
378 3420 424 3473 666
444 3419 519 3474 66166
539 3419 666 3473 Mentula
689 3417 770 3472 huius
789 3417 908 3472 membri
927 3419 964 3472 sit
981 3418 1153 3488 subiectum,
1171 3421 1325 3475 rectissime

153 3508 279 3578 Scaliger
294 3508 415 3564 correxit
430 3507 597 3577 ‘exuperas'.
613 3537 646 3547 -
661 3507 691 3561 6.
712 3520 806 3574 quare
825 3505 958 3562 concedo
973 3507 1016 3561 616
1029 3507 1126 3574 61666,
1141 3508 1210 3562 dum
1225 3509 1326 3563 omnia

152 3595 262 3651 desint.
287 3614 369 3651 sensu
383 3598 480 3650 carent
493 3596 562 3649 hacc
577 3596 671 3650 uerba.
691 3595 815 3649 referunt
829 3595 916 3665 uulgo
931 3595 967 3650 66
978 3596 1145 3663 6166661666
1160 3597 1204 3651 661
1219 3600 1324 3667 tamen,

153 3683 207 3739 etsi
226 3686 289 3756 plus
308 3703 392 3755 quam
411 3684 485 3739 redit
508 3683 659 3751 consumit,
683 3700 740 3738 non
763 3681 829 3737 ilico
854 3686 948 3738 omnia
971 3685 1072 3739 desunt
1089 3687 1157 3752 (non
1175 3687 1325 3755 propterea

153 3791 259 3844 pauper
277 3776 344 3844 est);
367 3791 457 3843 neque
480 3776 540 3828 tum
563 3772 620 3828 ium
645 3772 746 3827 ‘diues’
773 3775 816 3827 666
837 3773 921 3827 idem.
959 3773 1090 3828 nimirum
1108 3790 1220 3830 seuerus
1239 3774 1324 3829 inter·

152 3880 215 3932 pres
240 3863 341 3917 ‘diues’
370 3863 521 3917 secundum
544 3879 571 3917 6,
600 3870 612 3916 1
642 3862 677 3917 ad
700 3861 801 3916 saltum
829 3863 874 3917 tot
900 3861 975 3917 bona
997 3864 1107 3919 lucrosa
1135 3862 1324 3919 continentem

152 3954 279 4020 spectare
298 3951 441 4022 intellegit
458 3952 589 4020 idemque
608 3950 713 4020 refugit
730 3948 800 4005 illud
817 3951 951 4007 ‘concedo
966 3953 1029 4007 sit':
1048 3951 1168 4007 16616661
1188 3954 1232 4007 666
1247 3952 1323 4008 ‘con-

153 4043 222 4096 cedo
242 4059 304 4095 eum
324 4042 440 4096 diuitem
461 4043 544 4110 esse’‚
563 4058 627 4095 cum
646 4040 703 4097 Cic.
718 4041 794 4095 Verr.
811 4039 836 4093 11
854 4046 897 4108 62,
917 4048 950 4096 ‘18
970 4041 1130 4111 similiaque
1149 4041 1242 4095 alienu
1260 4041 1324 4096 sint.

154 4145 250 4185 uerum
269 4130 356 4199 igitur
375 4131 534 4185 etiamnunc
553 4134 622 4199 puto
642 4129 716 4199 6666
732 4129 800 4183 olim
819 4128 955 4199 adscripsi
972 4130 1010 4198 ‘q
1026 4147 1048 4184 c.
1064 4131 1087 4185 si
1102 4129 1192 4198 diues,
1210 4130 1326 4185 domnia

156 4219 280 4274 desint’:
299 4217 323 4272 si
342 4217 507 4273 attributum
532 4218 603 4273 illud
624 4218 733 4272 ‘diues’
760 4217 807 4287 (66
826 4217 966 4272 LXXXVI
984 4220 1012 4286 6)
1036 4218 1187 4285 66166166,
1207 4219 1260 4274 hoc
1283 4235 1325 4273 re·

154 4309 234 4376 quito
254 4306 420 4363 6666161611
445 4307 488 4361 166
511 4307 610 4376 procul
633 4308 670 4361 ab
694 4323 727 4361 6ο
747 4307 784 4361 616
800 4310 866 4376 (666
891 4308 918 4360 16
938 4310 1080 4377 potestate
1099 4308 1137 4362 sit
1159 4307 1325 4376 possessoris

154 4397 279 4466 priuati).
316 4401 345 4452 et
363 4396 445 4451 simul
466 4395 573 4465 aliquid
591 4394 717 4465 ambigui
736 4396 842 4451 subeat:
863 4395 1000 4451 tollantur
1014 4397 1179 4467 (Mentulae)
1195 4396 1325 4452 conuiuia
