2940 4912
579 313 616 366 lv
635 319 750 367 22-24.
1210 315 1252 378 93

47 472 150 526 melius
185 470 333 527 definiuit
357 471 487 528 lVossius
515 473 550 526 ad
574 472 601 529 h.
626 473 643 527 l.
670 472 724 527 ita:
753 472 852 542 ‘pedes
881 475 946 527 sunt
972 474 1066 543 funes,
1089 475 1189 542 quibus
1212 475 1253 528 in-

51 562 171 617 teriores
196 561 265 617 aeli
290 561 393 632 anguli
416 561 535 632 puppim
560 579 656 616 uersus
682 560 903 617 adducebantur.
946 562 1072 632 religatis
1096 563 1191 631 itaque
1216 562 1253 616 ad

51 664 208 721 urnamque
230 651 315 705 latas
334 649 457 720 pedibus
475 654 505 706 et
523 653 608 706 uento
631 667 705 720 pone
725 650 859 716 adflante,
884 653 945 704 tum
964 652 1111 721 nauigatio
1130 651 1251 705 maxime

51 750 110 794 crat
128 740 270 795 secunda
288 740 409 807 tumque
429 739 510 794 nauis
529 739 616 795 currit
636 782 659 794 ..
681 735 711 805 ἐξ
730 735 839 809 ἀμφοῖν
857 742 966 795 ποδοῖν.
996 757 1052 794 uno
1066 741 1161 794 autem
1176 739 1248 809 pede

53 829 256 900 nauigabant‚
283 827 310 882 si
335 831 436 883 uentus
460 831 535 883 esset
558 828 700 897 obliquus;
724 827 828 897 quippe
852 828 875 882 si
894 844 912 881 a
935 828 1049 882 sinistra
1072 829 1165 895 flaret,
1191 833 1251 882 tam

54 919 188 972 dextrum
213 916 404 972 adducebant
428 917 541 987 pedem,
564 917 608 971 sin
631 919 726 971 autom
750 934 768 971 a
791 917 901 984 dextra,
925 915 1039 970 sinistro
1064 917 1154 972 solam
1179 918 1251 987 pede

56 1007 231 1062 utebantur'
255 1006 304 1074 (cf.
326 1007 357 1059 ct
375 1004 490 1059 Richias
515 1005 568 1060 lex.
588 1006 695 1075 antiqq.
716 1024 736 1059 s.
757 1009 802 1074 n).
841 1005 886 1057 hic
908 1005 988 1074 ‘pes'
1015 1004 1180 1074 simpliciter
1198 1023 1249 1075 pro

57 1098 118 1150 ueto
139 1098 282 1166 ponitur,
302 1097 336 1148 ut
356 1093 438 1164 Verg.
457 1095 526 1150 Aen.
546 1094 571 1147 V
590 1099 651 1162 830,
672 1096 774 1149 Lucan.
797 1093 819 1146 V
838 1099 889 1147 433
910 1095 939 1148 et
958 1092 1021 1146 Vlll
1042 1099 1106 1160 1853
1131 1094 1250 1148 ueheba-

56 1195 157 1253 tnrqne
179 1185 338 1255 phasellus
353 1185 424 1252 pede
441 1201 527 1254 aequo
550 1183 643 1252 (Ouid.
665 1184 682 1236 f.
704 1183 741 1236 lll
761 1184 824 1251 565)
849 1183 909 1236 siue
933 1184 1057 1252 aequatis
1081 1184 1152 1237 aelia
1170 1183 1250 1252 (Aen.

58 1272 91 1324 iv
111 1281 196 1341 ⁶⁸⁷l3
224 1271 397 1327 Schwabius
421 1290 464 1344 op.
485 1271 575 1326 Noun.
596 1270 676 1326 Dion.
696 1277 747 1326 232
773 1268 875 1337 ἰσάζον
903 1269 1041 1336 ἑκάτερθε
1065 1267 1137 1335 νεῶς
1160 1271 1252 1334 πόδας

70 1362 103 1414 de
124 1361 220 1415 uariis
241 1361 326 1415 uocis
343 1361 415 1430 ‘pos’
436 1360 667 1415 translationibus
687 1361 721 1413 ολ.
742 1364 771 1413 et
785 1357 948 1413 GGerberus
970 1358 1035 1412 libri
1056 1359 1112 1414 ‘die
1128 1360 1251 1430 Sprache

60 1451 98 1503 ab
112 1449 226 1504 iinnst’
244 1449 258 1501 1
278 1467 306 1519 p.
322 1455 395 1510 376).
417 1480 447 1488 -
469 1449 517 1504 22.
536 1463 632 1516 neque
652 1448 717 1503 ulla
735 1448 808 1503 uota
826 1446 1002 1502 litoralibus
1021 1447 1087 1503 deis
1106 1448 1165 1503 sibl
1184 1463 1251 1504 osse

61 1539 150 1592 taeta.
187 1541 224 1592 ut
240 1537 306 1592 fieri
321 1537 431 1591 solebat
450 1536 479 1591 in
500 1538 608 1606 maguis
628 1535 760 1606 periculis
780 1536 816 1590 ab
835 1534 928 1590 nautis
943 1534 971 1588 in
987 1536 1079 1590 medio
1094 1537 1165 1591 mari
1179 1541 1249 1592 tem·

61 1632 171 1695 pestate
193 1626 350 1695 deprensis
368 1626 414 1680 ael
434 1625 462 1680 ia
482 1644 579 1680 saxum
598 1625 702 1694 inlisis‚
726 1627 758 1678 ut
777 1625 837 1678 deis
862 1624 976 1678 marinis
1000 1624 1095 1692 eisque
1119 1627 1249 1692 maxime,

61 1719 104 1783 qui
122 1717 152 1771 in
175 1715 317 1786 proximo
339 1715 420 1769 litore
439 1715 546 1785 templa
563 1715 707 1769 habebant
725 1714 859 1780 celebria,
880 1712 952 1767 ande
966 1730 1098 1782 praesens
1113 1714 1248 1769 auxilium

62 1807 165 1872 peruri
192 1806 313 1874 posset,
338 1803 412 1858 dona
435 1820 485 1874 pro
510 1805 599 1859 aalma
623 1807 770 1869 uouerent;
796 1803 881 1872 Verg.
901 1801 1033 1872 Georg.l
1056 1810 1107 1858 433
1134 1811 1251 1874 uotaque

61 1896 161 1948 muti
186 1895 303 1948 seruent
328 1895 359 1947 in
382 1895 462 1950 litore
484 1900 586 1948 nautae
610 1893 715 1947 Glauco
739 1899 764 1947 et
783 1893 927 1962 Panopeae
950 1898 976 1946 et
1000 1894 1072 1947 Inoo
1091 1893 1249 1949 Melicertae

63 1982 150 2037 anna
177 1987 217 2035 tr.
244 1980 258 2034 1
282 1987 314 2049 2,
336 1990 348 2036 1
374 1987 403 2038 et
427 1983 465 2037 111
490 1989 520 2051 9,
539 1989 568 2050 7,
592 1981 648 2037 Cic.
669 1983 694 2036 d.
714 1981 770 2036 inu.
791 1982 884 2051 1131,
909 1981 1051 2036 Eratosth.
1075 1985 1174 2036 catast.
1195 1987 1249 2051 3ο).

65 2071 229 2126 Sehvabius
256 2088 302 2140 cp.
322 2070 444 2127 collatu.
464 2077 517 2126 202
539 2067 702 2140 Ἀφροδίτην
726 2067 860 2132 πολλάκις
883 2065 1042 2124 ἀκταίοισιν
1066 2067 1250 2140 ἱλασκόμενος

63 2159 200 2214 θυέεσσιν
232 2158 337 2214 ἔπλεεν
361 2155 569 2227 Ἑλλήσποντον
597 2163 626 2214 et
649 2160 734 2229 Orph.
759 2161 823 2228 Arg.
849 2165 901 2213 346
930 2154 1066 2222 ἆκτοιίους
1093 2179 1121 2213 τε
1151 2159 1248 2221 θεούς.

64 2249 158 2315 «quales
187 2248 238 2301 dei
266 2251 381 2316 praeter
400 2247 559 2318 Neptunum
584 2252 613 2303 et
637 2249 786 2304 Dioscuros
810 2253 839 2302 et
857 2249 995 2302 Venerem
1023 2249 1158 2303 marinam
1185 2252 1250 2302 sunt

66 2338 232 2405 Palaemon,
255 2335 393 2402 Phorcus,
417 2336 570 2406 Portunus,
595 2339 768 2405 Leucothea,
792 2337 851 2393 atii.
889 2356 940 2393 sua
963 2339 1051 2408 igitur
1074 2337 1249 2406 praestantia

67 2429 201 2496 bonisque
226 2427 324 2481 uentis
347 2442 428 2478 usum
452 2426 512 2479 siue
536 2427 618 2481 malis
644 2427 711 2481 fatis
736 2431 821 2496 utque
845 2428 918 2480 uotis
944 2426 1029 2480 nullis
1053 2427 1081 2479 iu
1105 2426 1152 2480 uia
1175 2431 1250 2482 esset

66 2534 130 2585 «pus
148 2532 182 2570 se
204 2515 244 2569 ad
263 2514 349 2569 finem
368 2512 529 2584 peruenisse
544 2516 688 2584 praedicat
702 2515 853 2585 phasellus.
884 2516 969 2582 ‘sibi’‚
988 2532 1006 2569 a
1020 2532 1064 2581 se,
1083 2519 1114 2568 ut
1128 2514 1207 2570 xx11
1223 2523 1247 2585 4,

68 2603 163 2659 XXXV
188 2611 239 2670 18,
263 2601 395 2657 XXXVII
417 2609 449 2658 13
473 2604 653 2672 (Kuohnerus
676 2623 716 2674 gr.
737 2606 755 2658 l.
780 2603 803 2658 ΙΙ
827 2623 854 2673 p,
875 2607 951 2672 239).
979 2636 1009 2644 —
1035 2603 1088 2675 aa,
1108 2604 1156 2660 24.
1180 2621 1247 2661 cum

67 2695 184 2750 mahat
205 2707 225 2747 a
244 2692 344 2746 maret
363 2692 529 2748 nouissimo
548 2694 627 2748 hunc
646 2693 683 2747 ad
703 2707 797 2760 usque
817 2693 974 2761 llnrpldunr
990 2693 1099 2749 lacurn.
1128 2694 1156 2747 id
1172 2696 1245 2765 quod

68 2785 90 2835 is
109 2784 130 2838 V
149 2783 264 2852 legitur
286 2781 470 2836 ‘nouissime’
491 2782 644 2837 extiterunt
663 2782 710 2851 qui
730 2783 909 2836 defenderent
928 2783 1080 2837 referentes
1103 2782 1138 2836 ad
1159 2788 1247 2837 extre-

68 2892 134 2926 num
154 2873 272 2926 itineris
292 2873 410 2939 partem,
427 2888 490 2924 cum
506 2872 585 2926 nauis
601 2890 633 2925 ex
649 2871 720 2925 mari
736 2870 880 2925 Adriatico
895 2871 1075 2926 inueheretur
1093 2871 1122 2925 in
1139 2873 1245 2927 Padum

69 2970 93 3012 et
107 2962 160 3014 hoc
181 2959 350 3027 Minoioque
369 2959 397 3013 in
418 2960 508 3014 lacum
530 2961 670 3014 Benacum
689 2961 855 3030 perueniret.
885 2961 933 3014 sed
953 2962 1105 3015 rectissime
1126 2962 1190 3015 inde
1210 2964 1246 3015 ab

71 3053 178 3103 litatio
200 3048 282 3103 haud
301 3049 387 3117 pauci
406 3048 460 3103 iam
480 3054 627 3103 senserunt
645 3048 674 3102 id
694 3050 768 3116 quod
786 3049 938 3103 RKlotaius
962 3050 1081 3120 [emend.
1102 3070 1129 3119 p.
1151 3051 1186 3120 X]
1206 3052 1245 3103 sie

70 3140 201 3207 opressit
223 3138 320 3206 ‘(hoc)
340 3139 449 3191 tantum
469 3140 523 3193 iter
542 3157 596 3193 uon
617 3142 689 3205 erat,
713 3142 745 3192 ut
764 3139 912 3193 dicendum
932 3144 1018 3194 esset:
1042 3141 1115 3192 huno
1134 3140 1170 3192 ad
1190 3158 1243 3193 us-

72 3248 123 3289 que.
146 3225 305 3297 limpidum
332 3227 449 3280 lacnm’.
488 3227 561 3281 male
581 3227 682 3282 deinde
703 3232 732 3280 et
751 3228 809 3281 sine
828 3229 937 3282 ratione
963 3228 1113 3282 nouissime
1134 3228 1245 3281 domurn

73 3319 140 3370 mt-
150 3315 270 3371 dicitsc
281 3313 360 3368 nulla
371 3320 437 3370 nota
448 3320 529 3385 (quae
540 3322 687 3385 praeterea
702 3335 756 3371 non
772 3317 804 3370 de
820 3318 910 3372 unicis
924 3317 998 3372 notis
1013 3317 1103 3385 accipi
1119 3320 1245 3385 possunt)

73 3405 173 3471 aaa,
200 3404 312 3472 quippe
337 3403 437 3470 quihus
461 3407 494 3457 ut
516 3405 544 3458 in
568 3410 631 3459 tuto
656 3422 807 3474 securoque
828 3406 928 3460 itinere
953 3404 1058 3458 flairiali
1083 3405 1245 3473 neutiquam

77 3514 130 3562 ‚prr
149 3496 243 3558 esset3
266 3509 333 3546 nam
354 3491 388 3545 de
407 3493 480 3546 uotis
499 3508 540 3547 ex.
556 3512 596 3563 gr.
618 3494 646 3547 in
661 3511 781 3562 aequore
798 3494 950 3564 Carpathio
965 3495 1047 3547 factis
1068 3499 1096 3548 et
1115 3495 1142 3547 iu
1163 3496 1245 3549 litore

76 3582 170 3640 taeta
191 3581 300 3638 solutis
320 3581 446 3650 cogitare
465 3600 520 3636 non
542 3583 622 3650 licet,
647 3603 709 3638 euru
732 3588 868 3638 uoueatur
887 3584 1048 3638 numinibus
1068 3584 1108 3637 eis
1128 3601 1197 3651 quae
1217 3586 1245 3638 in

75 3675 142 3727 taire
167 3672 305 3744 proximo
334 3671 457 3726 babeant
480 3673 582 3726 sedem.
621 3692 704 3741 quam
730 3674 822 3729 hercle
847 3674 956 3727 saniore
979 3671 1083 3728 iudicio
1108 3674 1175 3728 olins
1199 3676 1244 3729 de-

76 3768 160 3818 terunt
182 3761 251 3816 itali
275 3760 462 3830 ‘nouissimo’‚
482 3762 511 3816 id
531 3767 575 3817 est
594 3769 718 3817 extremo
738 3765 797 3817 siue
812 3764 904 3816 Ponto
918 3762 1041 3830 Euxino,
1060 3769 1093 3817 ut
1111 3765 1166 3817 iam
1186 3768 1246 3818 tota

76 3851 179 3917 phaselli
201 3853 251 3906 iria
272 3851 445 3919 designetur!
482 3869 545 3906 nam
567 3851 760 3906 ‘nouissimus'
782 3853 829 3921 (ad
849 3853 927 3906 cuius
947 3852 1025 3906 raucis
1046 3853 1191 3908 historiam
1211 3857 1244 3909 uf.

78 3940 147 3994 tarra
165 3944 194 3996 d.
216 3941 234 3996 l,
259 3941 277 3992 l.
300 3939 338 3993 vi
359 3945 392 3993 59
412 3943 441 3992 et
459 3938 567 3993 Gellius
587 3940 670 4006 X21)
696 3941 780 3994 etiarn
801 3943 859 3994 cat.
880 3959 930 4009 pro
955 3959 988 3994 uo
1009 3943 1083 4008 quod
1104 3947 1145 3996 est
1165 3945 1244 3996 ‘ulti-

77 4033 138 4082 η’
158 4033 222 4086 siue
245 4029 425 4082 ‘extremus'
446 4028 564 4082 adhibet
582 4030 630 4083 LX
651 4036 666 4081 4
691 4031 839 4082 rruua'ssirao
864 4032 894 4082 ιἰι
913 4048 991 4094 casm
1015 4031 1095 4086 Ouid.
1116 4034 1186 4084 trist.
1211 4031 1243 4082 Ill

78 4128 105 4173 tt.
119 4127 149 4175 st
169 4128 317 4176 terrarum
335 4133 405 4186 pars
422 4135 508 4185 paeane
526 4121 677 4173 pacissima
693 4120 797 4172 Pontus
813 4119 959 4184 Earinus,
979 4119 1040 4173 Val.
1056 4121 1145 4172 Flauo.
1164 4119 1186 4169 V
1202 4126 1244 4177 77.

76 4207 122 4263 ir„
140 4215 209 4282 Agr.
233 4215 271 4264 10
297 4224 351 4261 era
369 4207 513 4259 nausiant
531 4210 624 4261 arauiris.
662 4208 825 4275 saepissime
845 4212 953 4275 autern,
974 4211 1004 4261 ut
1024 4206 1052 4259 in
1072 4207 1134 4261 aliis
1154 4208 1244 4274 codd,

76 4310 104 4353 aa
122 4303 149 4356 in
169 4301 192 4357 V
215 4298 270 4354 'o’
293 4299 325 4350 et
346 4295 394 4348 ‘e’
421 4295 550 4349 confusas
576 4316 650 4361 esse,
675 4317 717 4351 res
741 4298 832 4351 estin
857 4297 959 4363 irulgus
983 4300 1057 4349 nota.
1097 4296 1243 4364 limpidam

11 4426 16 4433 -
77 4408 146 4447 aaut
170 4387 357 4455 intellegunt
381 4383 504 4454 plerique
529 4387 798 4453 unsveibandans,
823 4388 869 4455 qui
895 4392 938 4440 est
957 4388 1094 4438 Veronam
1121 4386 1193 4440 inter
1216 4390 1245 4440 et
