2940 4912
147 331 191 394 30
588 326 871 386 PROLEGOMENA.

147 501 178 558 et
205 491 359 578 XXXIX).
405 498 491 558 firma
518 498 628 574 quippe
656 516 710 573 per
742 496 841 558 omnia
868 496 942 556 haec
968 495 1050 555 bella
1077 493 1237 554 tenebatur
1267 512 1322 571 spe

146 597 331 657 reducendae
350 595 388 656 ad
408 597 561 657 meliorem
579 594 674 653 uitam
693 594 842 671 mulieris;
864 593 1010 670 paulatim
1030 593 1150 652 demum
1168 592 1323 669 perspexit

146 712 225 771 eam,
253 714 343 770 quam
370 694 472 772 appeti
500 694 537 753 ab
566 692 735 752 hominibus
759 691 890 768 indignis
915 693 1048 768 putauit,
1077 692 1174 767 ipsam
1198 690 1323 768 indigne

148 795 289 869 appetere
312 793 455 870 amasios;
480 796 511 852 et
534 811 600 850 cum
625 810 656 850 se
680 809 716 850 ex
738 809 793 851 sua
810 794 897 867 parte
916 793 1014 851 omnia
1033 792 1112 852 bona
1128 792 1161 849 in
1178 790 1322 851 Lesbiam

147 890 310 950 contulisse
334 891 391 950 sibi
414 893 494 950 esset
515 888 650 949 conscias
671 880 877 968 (LXXXVH),
901 889 1011 949 sensim
1035 890 1099 948 eius
1123 887 1256 947 animum
1279 888 1322 947 in·

147 988 229 1047 uasit
247 988 348 1047 odiam
368 988 504 1064 ingratae
523 985 671 1058 mulieris,
690 1004 869 1063 quamquam
887 986 963 1045 illud
982 987 1073 1046 etiam
1092 989 1164 1046 tuno
1182 1004 1322 1063 pugnans

146 1103 214 1143 cum
233 1103 342 1144 amore.
376 1103 452 1161 quas
471 1084 633 1143 affectuum
652 1083 850 1159 repugnantia
868 1086 903 1142 nt
921 1083 1017 1161 magis
1036 1083 1169 1144 incendit
1188 1101 1322 1160 pessum·

147 1181 287 1258 deditque
311 1187 430 1259 poetam
455 1175 596 1260 (LXXII,
615 1178 761 1253 LXXXV,
779 1173 914 1261 LXXV),
937 1181 982 1241 ita
1005 1201 1072 1242 eum
1095 1181 1185 1240 finem
1205 1182 1322 1260 habuit,

146 1277 197 1354 qui
220 1279 446 1355 relinquebatur
469 1278 573 1337 unicus
598 1278 663 1338 uiro
687 1279 806 1354 quidem
829 1279 922 1356 probo
942 1280 1046 1355 suique
1069 1279 1206 1338 memori:
1230 1298 1322 1358 aegre

146 1380 177 1434 et
204 1375 254 1434 uir
281 1377 403 1436 tandem
437 1396 472 1436 ex
503 1374 591 1435 corde
620 1392 672 1434 suo
705 1376 848 1436 radicitus
877 1377 988 1436 eaolsit
1016 1375 1154 1437 Catullus
1187 1395 1321 1437 amorem

145 1474 241 1549 turpis
265 1474 393 1534 feminae
416 1476 477 1534 iam
501 1491 532 1532 se
555 1471 712 1547 indignum
731 1466 848 1554 (LVIII
867 1478 898 1532 et
915 1468 1069 1555 LXXVI),
1087 1479 1182 1551 utque
1200 1494 1237 1535 ex
1253 1474 1318 1533 ual-

146 1590 216 1631 nere
237 1576 359 1648 accepto
378 1575 550 1646 sanaretur,
570 1571 744 1630 Memmium
762 1575 987 1648 propraetorem
1006 1573 1038 1632 in
1056 1571 1230 1650 Bithyniam
1249 1587 1320 1649 pro·

147 1668 274 1728 uinciam
298 1673 346 1730 est
368 1671 528 1730 comitatus
552 1686 630 1727 anno
654 1670 707 1729 57.

236 1767 299 1826 lam
327 1768 400 1827 haec
428 1768 538 1827 Lesbia
565 1785 712 1843 quaenam
739 1767 830 1826 fuerit
857 1768 883 1826 si
910 1767 1094 1845 quaerimus,
1123 1767 1225 1827 fictum
1253 1784 1321 1826 esse

146 1883 252 1924 nomen
276 1867 374 1942 ipsum
397 1869 515 1926 constat
538 1865 651 1925 diserto
671 1861 769 1923 Ouidii
793 1864 964 1927 testimonio
985 1867 1057 1926 boae
1078 1863 1169 1941 [trist
1188 1863 1219 1924 11
1239 1861 1318 1941 427]

146 1966 188 2022 sic
209 1982 265 2022 saca
288 1964 397 2024 lasciw
421 1968 539 2024 cantata
562 1966 603 2021 esi
624 1979 709 2035 saepe
729 1960 842 2022 Octauo
865 1967 989 2037 sesninc,
1013 1967 1060 2023 cai
1083 1964 1193 2037 {deam
1211 1963 1323 2022 Lesbia

145 2078 248 2119 aomea
272 2067 342 2121 erat
376 2062 407 2121 in
431 2062 486 2121 hae
509 2078 628 2137 quoque
651 2078 684 2118 re
708 2059 977 2121 Alexandrinorum
1001 2078 1115 2121 morem
1139 2060 1234 2119 secati
1253 2078 1321 2120 esse

146 2158 286 2218 uidentur
309 2162 416 2235 poetae
439 2159 539 2233 latini,
567 2160 602 2216 ut
630 2158 746 2233 puellas
775 2177 844 2217 siras
873 2160 927 2219 sub
954 2160 1041 2220 falsis
1065 2161 1206 2218 canerent
1228 2158 1322 2219 nomi·

145 2257 245 2333 nibus,
269 2277 328 2317 aon
357 2278 461 2317 earum
492 2259 589 2316 famae
619 2260 774 2333 parcentes
803 2256 925 2334 (quippe
948 2259 1037 2316 notas
1064 2257 1242 2333 plerumque
1265 2257 1322 2316 hae

146 2354 274 2413 feminae
298 2362 385 2415 erant
408 2361 439 2415 et
462 2357 548 2416 facile
577 2355 723 2431 aperitis
752 2351 985 2431 agnoscendae),
1016 2353 1069 2413 ssd
1092 2357 1127 2411 ut
1148 2353 1248 2430 magis
1270 2372 1322 2413 eas

147 2456 337 2512 secernerent
360 2473 378 2512 a
401 2455 493 2530 uulgo
522 2455 554 2513 et
584 2473 620 2513 ex
642 2455 723 2512 uitae
752 2452 932 2511 cottidianae
955 2450 1023 2510 labe
1048 2451 1203 2511 submotas
1226 2470 1323 2510 axem-

145 2553 273 2626 ptasque
292 2552 378 2628 quasi
402 2553 578 2612 attollerent
599 2552 636 2610 ad
655 2568 746 2626 puras
766 2550 897 2610 aetheris
917 2566 1020 2621 auras,
1044 2567 1083 2608 ne
1102 2567 1138 2608 ea
1156 2567 1246 2624 quam
1263 2549 1323 2626 ipsi

145 2648 359 2723 praedicabant
389 2651 537 2709 coloribus
571 2647 834 2725 splendidissimis,
868 2647 893 2706 si
920 2647 1009 2706 nimis
1039 2646 1127 2707 facile
1155 2666 1221 2706 cam
1249 2665 1323 2707 uera

145 2750 384 2821 compararetur,
408 2748 519 2806 iaceret
543 2737 783 2825 sorderetque*).
830 2744 883 2805 sed
907 2763 973 2804 eam
997 2745 1095 2820 legem
1118 2745 1150 2804 in
1172 2742 1250 2804 lictis
1273 2744 1322 2805 bia

145 2844 315 2902 nominibus
331 2845 507 2921 inponendis
523 2851 629 2920 poetae
644 2844 783 2902 amatorii
799 2843 870 2917 (non
889 2842 1015 2902 satirici:
1036 2841 1207 2920 Madaigius
1222 2860 1320 2920 opusc

147 2940 211 3017 lp.
233 2934 289 3021 67)
314 2942 527 3013 obseruabant,
557 2945 590 3001 ut
619 2942 728 3001 falsum
756 2959 865 3000 nomen
893 2960 960 3000 cum
987 2959 1060 3000 uero
1088 2943 1266 3017 congrueret
1289 2942 1320 3001 in

146 3039 331 3115 syllabarum
355 3045 386 3100 et
408 3059 532 3100 numero
557 3045 587 3100 et
606 3040 787 3116 qnant'tate,
812 3043 847 3098 ut
869 3039 994 3116 agnouit
1012 3037 1168 3099 Bentleius
1190 3035 1228 3097 ad
1249 3038 1320 3098 Hor.

145 3138 192 3197 od.
215 3137 246 3197 ΙΙ
272 3141 322 3214 12,
347 3142 398 3199 13.
436 3139 590 3216 eligebant
613 3144 714 3198 autem
738 3137 784 3196 illi
807 3139 928 3196 nomina
951 3156 998 3208 ea,
1021 3155 1099 3213 quae
1122 3136 1214 3196 indoli
1236 3142 1323 3196 natu·

146 3254 255 3312 raeque
279 3238 460 3296 amasiorum
484 3239 686 3298 eonusnirent.
718 3255 787 3294 nam
811 3255 878 3295 eum
902 3236 945 3295 eis
970 3236 1097 3294 maxime
1116 3234 1235 3294 feminis
1254 3235 1322 3314 oapi

145 3335 300 3410 tenerique
330 3354 361 3394 se
384 3340 575 3411 paterentur,
603 3355 678 3411 quae
707 3352 830 3409 poeseos
855 3352 987 3393 amorem
1015 3333 1114 3408 aliquo
1138 3333 1226 3392 modo
1248 3352 1321 3410 prae

147 3450 178 3490 se
202 3432 317 3491 ferrent
340 3437 383 3505 et,
407 3435 433 3492 si
453 3436 612 3509 nosipsos
632 3434 766 3491 iacerent
785 3451 900 3506 uersus,
918 3435 1019 3489 tamen
1037 3430 1093 3489 hos
1111 3430 1323 3507 intellegerent

148 3526 309 3606 magnique
329 3532 462 3591 lacerent
480 3538 575 3603 uates,
594 3536 746 3606 tamquam
767 3531 862 3589 socias
883 3528 1051 3590 studiorum
1071 3544 1194 3587 saonam
1211 3529 1257 3587 ita
1270 3547 1321 3589 eas

145 3629 368 3704 praedicabant,
384 3633 418 3686 ut
434 3631 554 3688 nomina
568 3629 707 3689 inderent
721 3648 786 3688 cum
803 3627 885 3703 poesi
901 3627 957 3686 hoc
976 3626 1025 3685 uel
1044 3625 1096 3685 illo
1113 3626 1199 3685 modo
1218 3627 1322 3686 oohae·

145 3727 250 3784 rentia.
274 3727 370 3786 ueluti
386 3747 421 3787 er
436 3728 585 3803 Apollinis
605 3728 831 3805 cognominibus
852 3725 1021 3801 appellatae
1041 3731 1111 3784 sunt
1130 3724 1280 3785 Leucadia
1303 3746 1322 3785 a

146 3821 281 3882 Varrone
295 3825 429 3898 Atacino,
443 3825 566 3900 Lycoris
581 3844 599 3883 a
615 3826 752 3884 Cornelio
768 3825 863 3901 Gallo,
881 3824 969 3883 Delia
983 3842 1001 3882 a
1015 3822 1143 3897 Tibullo,
1159 3823 1322 3900 Cynthiae

144 3920 314 3998 Properti03
339 3923 494 3999 magisque
518 3923 609 3981 etiarn
634 3927 739 4000 aperta
764 3927 810 3981 est
833 3942 881 3981 res
905 3923 935 3981 in
960 3920 1060 3982 Ouidii
1084 3920 1226 3982 Corinna:
1249 3942 1320 3999 poe·

144 4020 220 4077 triae
235 4018 366 4080 Graecae
382 4040 489 4080 nomen
504 4021 535 4079 in
550 4022 682 4096 puellam
698 4022 863 4082 Romanam
878 4025 925 4080 est
940 4020 1129 4080 translatum.
1158 4021 1321 4100 eodemque

144 4119 233 4193 plane
256 4120 343 4178 modo
364 4119 500 4179 Catullus
525 4138 610 4179 suam
630 4121 786 4181 mulierem
806 4121 927 4180 uocauit
946 4116 1086 4176 Lesbiam
1106 4118 1172 4178 siue
1191 4118 1321 4198 Sappho,

215 4264 240 4329 ⁸)
269 4226 303 4318 cf.
332 4264 468 4319 OlahnIus
495 4265 525 4317 in
553 4263 623 4319 actis
650 4265 796 4320 societatis
825 4263 983 4317 litterarum
1008 4256 1162 4312 Saxonicae
1188 4261 1198 4313 l
1226 4266 1320 4333 (1850)

144 4347 316 4477 faeffoonggsp
344 4343 495 4399 dolendum
515 4347 559 4397 cat
581 4360 637 4399 non
662 4350 757 4400 extare
776 4341 972 4414 opusculorum
991 4334 1081 4389 Iahnii
1101 4336 1244 4397 minorum
1264 4346 1320 4400 col·
