2940 4912
589 318 877 376 Paoaaaotssans.
1279 324 1320 387 13

145 489 240 560 Calua·
261 508 321 548 nee
345 489 413 547 sine
436 506 529 548 causa
547 488 692 548 Horatius
710 489 838 548 hederas
857 489 923 549 uolt
941 507 1006 548 esse
1024 491 1158 564 praemia
1176 491 1320 550 frontium

144 578 351 665 'doctae-off).
404 586 543 645 doctrina
570 587 764 647 multiformia
792 589 852 646 iam
879 588 960 647 facta
988 590 1035 646 est
1061 590 1124 646 tam
1151 589 1322 648 necessaria

143 686 266 744 ermina
279 684 493 761 pangentibus
508 703 597 761 quam
613 686 778 745 metrorum
793 686 930 745 scientia:
950 689 985 744 ut
1004 685 1124 744 fabulas
1144 705 1214 745 suas
1230 686 1320 762 digne

143 788 324 855 manent,
343 782 583 859 ingurgitabant
602 784 716 842 sesain
736 786 905 842 exterarum
926 784 1061 860 gentium
1076 783 1189 859 priscas
1204 787 1320 843 aetates

144 880 303 940 eminendo
327 880 477 940 historias
501 882 533 940 et
555 881 758 958 cognoscendo
777 899 876 941 mores
895 883 1040 959 ritusque.
1073 881 1223 941 abstraxit
1240 881 1319 939 haud

145 997 204 1037 nro
226 978 406 1038 studiorum
430 978 539 1038 horum
564 979 698 1038 suauitas
721 979 841 1055 longius
865 998 884 1039 a
906 980 1068 1056 proposito,
1092 982 1124 1038 et
1147 998 1182 1037 ex
1206 979 1319 1055 disqui-

146 1078 293 1137 n'n‘ombus
321 1078 357 1135 in
381 1076 552 1135 carminum
580 1077 711 1154 gratiam
738 1077 827 1137 factis
855 1077 971 1136 fructus
994 1077 1206 1136 redundabant
1228 1078 1320 1135 etiam

146 1176 171 1234 in
187 1176 398 1253 philologiam,
424 1193 502 1250 quae
525 1177 561 1233 ut
579 1175 689 1234 Romam
713 1173 782 1234 inde
801 1193 820 1233 a
839 1173 969 1234 Cratetis
988 1175 1220 1234 commoratione
1239 1175 1319 1232 laete

144 1272 323 1349 effiummat,
348 1273 397 1332 ita
421 1276 453 1331 et
471 1291 526 1347 per
544 1273 756 1349 grammaticos
774 1272 918 1348 plurimos
941 1272 996 1330 illa
1014 1275 1113 1331 aetate
1132 1272 1275 1348 uigentes
1290 1274 1321 1330 et

144 1372 200 1446 ipsa
225 1389 357 1447 poeseos
389 1369 509 1429 ratione
539 1374 606 1429 tum
633 1370 750 1431 exculta
780 1370 889 1428 mirum
920 1374 1066 1446 quantum
1097 1372 1144 1429 est
1174 1372 1318 1444 prouecta

145 1470 352 1546 publicumque
374 1472 489 1527 nancta
514 1467 657 1527 fauorem.
688 1486 726 1526 ne
749 1467 893 1526 miremur
916 1468 1023 1544 igitur,
1047 1467 1126 1543 quod
1149 1467 1177 1525 ei
1201 1486 1318 1543 quoque

146 1574 248 1643 poene,
266 1567 321 1644 qui
342 1584 407 1624 non
425 1565 547 1641 proprie
566 1567 652 1624 erant
670 1565 871 1642 grammatici,
890 1567 991 1624 tamen
1011 1564 1098 1624 docta
1119 1583 1210 1640 opera
1229 1566 1320 1624 etiam

145 1665 389 1739 pernotatione
415 1663 600 1738 scripserunt
623 1662 661 1722 ad
684 1663 784 1722 uarias
807 1681 855 1722 res
879 1655 1106 1744 pertinentia*).

219 1761 420 1822 cernebatur
438 1765 542 1820 autem
559 1762 673 1820 formae
687 1764 786 1820 tersae
804 1760 917 1819 nitidae
936 1760 1064 1819 mundae
1083 1780 1155 1820 cura
1176 1760 1320 1819 studium-

147 1880 192 1937 que
207 1868 281 1920 ante
301 1860 412 1920 omnia
427 1859 459 1917 in
473 1860 588 1918 maiore
606 1858 695 1918 metri
713 1858 904 1935 perfectione.
936 1859 1143 1918 hexametrum
1161 1860 1320 1934 praecipue

146 1958 367 2018 nniormabant
386 1961 456 2015 tum
474 1957 565 2032 longe
583 1956 772 2031 diligentiore
791 1960 856 2015 arte
875 1974 965 2032 quam
982 1975 1043 2031 qua
1061 1957 1176 2016 Ennius
1196 1957 1320 2033 eiusque

147 2070 296 2117 macres
317 2054 501 2130 utebantur,
521 2054 611 2113 etiam
630 2053 720 2113 huius
739 2054 783 2112 rei
801 2057 1011 2128 praeceptores
1030 2053 1176 2112 habentes
1190 2055 1320 2112 Alexan-

148 2154 245 2231 drinos,
272 2172 415 2231 quorum
440 2152 606 2211 enchiridia
628 2153 752 2211 metrica
779 2151 899 2210 assidue
922 2151 1093 2210 uersabant
1140 2152 1235 2210 ueluti
1259 2171 1321 2211 cae-

147 2270 229 2324 sum,
262 2253 379 2329 quales
411 2249 631 2310 conueniebant
656 2249 759 2310 uersui
790 2249 835 2308 illi
864 2267 899 2307 ex
927 2249 1015 2325 genio
1044 2249 1167 2325 linguae
1200 2250 1320 2325 latinae,

148 2352 365 2410 metuebant
399 2348 633 2424 sanciebantque
665 2349 696 2405 in
729 2366 816 2406 omne
847 2350 966 2423 tempus
995 2347 1076 2419 illas,
1110 2367 1183 2423 quas
1216 2350 1322 2423 postea

149 2452 257 2508 trime
280 2448 433 2506 uidemus
456 2445 607 2505 adhibitas
631 2464 708 2505 ease.
740 2464 934 2522 quamquam,
959 2448 993 2503 ut
1015 2445 1051 2505 fit
1073 2445 1104 2503 in
1128 2445 1235 2504 horum
1259 2450 1321 2504 stu·

149 2545 245 2606 derum
270 2545 436 2606 nouitate.
465 2543 595 2602 nondum
625 2545 777 2619 compotes
801 2545 887 2602 erant
911 2543 1080 2618 elegantiae
1108 2543 1187 2618 apud
1215 2549 1320 2619 poetas

151 2650 309 2721 ingusteos
331 2642 462 2715 obuiae,
478 2641 530 2700 sed
549 2641 701 2700 interdum
720 2640 845 2701 subduri
864 2643 895 2698 et
913 2644 1001 2715 grata
1020 2640 1166 2700 uarietate
1186 2645 1321 2701 carentes

150 2746 182 2800 ta
202 2744 224 2795 Γ
226 2743 352 2802 utullus
378 2741 413 2799 in
435 2759 459 2799 c,
479 2734 600 2817 LXIV).
647 2757 742 2813 neque
770 2739 801 2796 in
829 2738 884 2795 hac
913 2737 1032 2813 quidem
1061 2750 1146 2813 parte
1170 2740 1321 2798 abstinue-

151 2854 199 2898 πεῖ
224 2843 255 2900 in
280 2838 512 2913 exemplarium
535 2836 700 2895 imitatione
719 2837 811 2894 nimia
830 2836 959 2911 quadam
979 2855 1123 2911 caecaque
1148 2837 1322 2913 eupiditate,

149 2940 224 2996 niati
252 2939 285 2996 in
316 2937 433 3011 quinto
460 2934 627 2993 hexametri
655 2936 729 3010 pede
758 2935 876 3008 saepius
906 2953 996 3009 quam
1026 2935 1125 2993 decuit
1157 2935 1321 3010 spondeum

151 3055 187 3107 jn·
204 3035 334 3110 ‹metylo
356 3033 557 3089 admittentes
578 3025 636 3111 (ex.
655 3051 699 3106 gr.
719 3030 783 3090 Cat.
803 3030 899 3089 LXIV
921 3023 1081 3111 78—80);
1106 3036 1137 3091 et
1154 3034 1223 3091 hinc
1243 3033 1322 3091 Cice-

151 3152 234 3191 ris-m
255 3126 333 3202 τοὺς
356 3125 519 3206 νεωτέρους
538 3129 666 3187 inridere
686 3129 823 3186 uidimus.
843 3160 878 3168 -
897 3129 987 3186 etiam
1006 3129 1036 3186 in
1052 3129 1172 3188 distichi
1187 3130 1321 3188 struendi

201 3300 224 3331 ⁸³
243 3312 339 3347 unuin
358 3291 436 3343 dabo
452 3288 619 3358 exemplum.
648 3289 746 3343 Furius
763 3289 910 3343 Bibaculus
925 3291 997 3343 teste
1007 3288 1099 3344 Plinio
1115 3291 1141 3342 h.
1153 3309 1177 3342 u.
1189 3290 1276 3357 praef.
1288 3296 1322 3342 ‘24

149 3377 242 3444 sistit
269 3370 473 3428 sanctissimos
498 3366 733 3423 Lucubratio‘num
758 3368 856 3435 libros,
880 3369 907 3420 h.
928 3386 951 3423 e.
978 3371 1173 3424 miscellaneae
1198 3372 1227 3423 et
1252 3369 1321 3423 iocis

150 3458 269 3524 nisque
301 3448 557 3519 disquisitionibus
586 3451 696 3504 mixtos.
743 3449 848 3514 legitur
875 3450 949 3502 inter
978 3448 1036 3503 eius
1066 3451 1224 3517 fragmenta
1253 3449 1323 3502 hoce

155 3536 248 3599 itit.)
276 3533 395 3601 ‹lorpliei
420 3536 484 3596 toga
507 3531 648 3584 deuolutus
671 3530 746 3599 apud
770 3527 927 3582 Charisium
956 3530 1007 3582 sub
1032 3530 1107 3582 Furii
1133 3528 1242 3582 nomine
1267 3547 1322 3581 scr·

148 3630 238 3677 amn,
266 3615 297 3667 iu
326 3627 387 3680 quo
413 3608 623 3663 anacreontium
647 3609 765 3679 agnouit
788 3606 946 3663 Muellerus.
985 3611 1033 3662 sed
1058 3613 1185 3662 cantores
1211 3609 1322 3677 Eupho—

147 3700 213 3749 ,τω
231 3691 376 3762 exemplo
398 3689 497 3744 Laeuii
521 3690 619 3745 fecisse
639 3687 844 3753 anacreontica,
870 3705 920 3741 nec
940 3691 1051 3742 constat
1075 3695 1104 3741 et
1122 3706 1171 3758 per
1191 3707 1220 3742 sc
1240 3690 1322 3743 ualde

149 3775 314 3843 :recitabile
342 3774 396 3825 est,
435 3769 537 3823 melius
556 3771 752 3825 Lachmannus
776 3769 813 3821 ad
832 3769 911 3822 Lucr.
931 3788 957 3838 p.
976 3774 1025 3822 199
1050 3770 1222 3824 alluellero
1245 3771 1323 3838 igno-

148 3870 203 3909 ·am
227 3858 352 3927 partem
377 3849 609 3918 hendecasyllabi
633 3851 731 3904 adesse
755 3849 862 3903 statuit.
899 3853 1044 3901 recurrunt
1070 3853 1164 3902 autem
1190 3851 1251 3919 ipsa
1274 3852 1324 3905 illa

148 3939 223 4001 irrite,
238 3951 321 4004 qnae
340 3928 417 3984 mihi
432 3947 538 3982 meram
554 3947 662 3999 prosam
679 3928 800 3999 sapiunt,
820 3929 848 3982 in
863 3929 1064 3996 glossariorum
1081 3933 1218 4000 excerptis
1233 3933 1323 3985 doctis

147 4032 188 4067 ‘tt
207 4011 344 4069 auctoris
365 4010 482 4064 nomine
502 4011 627 4073 traditis,
652 4027 723 4077 quac
744 4009 834 4063 edidit
852 4011 990 4064 Usenerus
1010 4028 1077 4062 mus.
1098 4009 1186 4064 lthen.
1207 4011 1321 4064 XXVlll

148 4112 155 4149 ς
176 4106 223 4149 aza
257 4098 310 4149 lin.
329 4096 388 4157 23).
421 4089 490 4157 quid
511 4091 618 4143 multa?
637 4090 779 4144 Charisius
794 4090 981 4159 fragmentum
1002 4089 1072 4142 illud
1088 4091 1156 4143 inihi
1172 4091 1321 4158 sunipaiase

148 4192 241 4231 tatur
262 4194 301 4230 cx
322 4173 431 4227 eodem
452 4186 544 4238 opere,
564 4188 597 4223 ex
616 4189 670 4238 quo
690 4171 792 4222 hausta
812 4169 922 4223 suntin
942 4169 1043 4223 ultima
1062 4169 1171 4236 origine
1192 4174 1322 4238 excerpta

148 4272 181 4309 aa
198 4255 416 4315 glor-ariorum
435 4249 651 4319 pretiosissima,
672 4268 703 4303 ex
724 4250 800 4302 l‘urii
826 4268 924 4319 nempe
953 4268 1037 4318 opere
1057 4252 1177 4317 quodam
1197 4251 1322 4319 prosario

148 4337 384 4403 mtgbjliterqne
412 4348 445 4383 ex
474 4330 543 4400 ipsis
567 4330 625 4385 eius
649 4329 902 4395 lucubrationibus,
927 4347 997 4396 quae
1021 4331 1087 4383 hinc
1111 4348 1212 4383 nouam
1238 4329 1321 4398 plane

160 4438 219 4473 aem
239 4416 406 4489 accipiunt.
