2940 4912
656 319 871 375 PRAEFATIO.
1284 331 1289 341 “
1313 325 1352 377 IX

143 510 160 548 a
182 490 318 566 Silligio
346 489 557 566 adhibitoque
580 508 598 548 a
617 488 772 549 Schwabio
792 487 1042 565 Sangermanensi
1061 483 1120 570 (G)
1138 492 1352 553 labefactatum

145 594 223 664 erat,
248 589 302 647 ita
323 589 428 665 plene
450 590 499 648 est
520 587 719 664 subtractum,
742 590 901 664 postquam
922 607 948 646 a.
970 589 1054 649 1875
1074 608 1130 665 ego
1149 589 1352 651 demonstraui

149 687 325 766 primus*),
349 686 494 746 codicem
514 684 712 746 Orouiensem
734 678 791 768 (0)
810 688 860 746 uel
883 687 947 764 ipso
968 690 997 747 G
1017 688 1170 747 meliorem
1189 688 1351 766 principale

154 785 336 845 accusandi
363 784 487 844 Catulli
518 784 684 844 subsidium
708 804 774 844 esse
802 785 951 861 simulque
974 790 1088 846 ceteros
1112 787 1227 847 codices
1249 806 1351 849 omnes

156 891 255 960 utpote
276 903 318 943 cx
340 886 377 942 G
401 882 555 958 profectos
580 881 658 941 abici
681 882 797 942 debere.
836 883 892 944 hoc
915 884 1021 961 quanti
1043 884 1187 943 momenti
1210 889 1291 944 esset
1313 887 1351 945 ad

157 990 270 1042 testum
292 980 539 1055 emendandum,
558 981 662 1040 statim
681 999 717 1039 ex
735 979 866 1040 editione
884 1001 952 1041 mea
970 1001 996 1043 a.
1018 984 1101 1042 1876
1122 982 1270 1058 apparuit,
1291 1004 1351 1059 qua

160 1083 185 1141 ‘a
207 1082 334 1141 efficere
363 1079 487 1152 studui,
515 1082 551 1138 ut
577 1079 666 1155 plena
690 1078 870 1154 optimorum
893 1083 994 1140 textus
1022 1080 1196 1139 recensendi
1222 1081 1350 1141 fontium

163 1184 256 1257 imago
282 1179 427 1238 adesset.
465 1195 535 1235 nam
558 1177 635 1253 quod
656 1177 693 1236 ad
712 1180 824 1264 cetera,
848 1177 905 1236 etsi
923 1178 999 1238 bene
1017 1177 1164 1254 intellexi,
1186 1197 1233 1237 me
1252 1178 1351 1239 emen·

164 1280 313 1338 dationem
339 1294 406 1335 non
432 1274 617 1348 exhausisse,
646 1277 748 1334 tamen
776 1294 841 1335 meo
864 1276 939 1334 mibi
962 1277 1026 1337 iure
1050 1275 1129 1336 idem
1153 1277 1231 1353 quod
1255 1277 1349 1338 Lach-

166 1395 289 1434 {rannus
314 1372 506 1433 sumendum
529 1373 648 1450 putaui,
672 1373 785 1433 scilicet
808 1377 843 1431 ut
861 1374 963 1433 darem
983 1393 1056 1451 quas
1076 1379 1140 1434 tum
1159 1376 1350 1454 inpromptu

167 1476 253 1533 tebni
277 1472 501 1532 correctiones.
538 1470 618 1531 inter
640 1489 714 1548 quas
739 1471 808 1531 licet
830 1472 944 1532 fuerint
969 1491 1021 1533 eae
1045 1492 1120 1549 quas
1144 1472 1232 1533 hodie
1255 1474 1350 1535 abicio

175 1582 208 1650 ,et
230 1593 325 1651 quem
350 1590 415 1630 non
440 1569 505 1628 dies
533 1570 619 1628 docet
641 1560 815 1651 meliorat),
843 1573 946 1630 tamen
975 1572 1066 1631 etiam
1088 1571 1119 1629 in
1143 1572 1350 1633 emendatione

168 1692 209 1731 ne
231 1674 327 1748 plane
352 1669 543 1744 adaequasse
566 1667 752 1728 Lachmanni
774 1668 885 1727 merita
907 1668 994 1745 probi
1017 1668 1164 1746 simulque
1187 1670 1350 1745 prudentes

170 1770 276 1829 iudices
302 1766 434 1827 candide
456 1770 657 1842 agnouerunt,
676 1765 789 1825 inimici
808 1767 889 1825 omni
908 1767 994 1826 modo
1013 1786 1163 1844 negauere
1182 1771 1272 1844 atque
1291 1767 1348 1827 dis·

171 1858 427 1945 ÷imirlauere**);
458 1883 494 1923 ex
519 1863 626 1939 quibus
652 1863 739 1941 pauci
762 1863 881 1923 scholae
904 1864 1163 1948 Lachmanuianee
1187 1868 1349 1926 sectatores

170 1967 211 2025 rel
233 1986 270 2025 eo
297 1981 399 2040 usque
427 1966 652 2039 processerunt,
680 1965 714 2021 ut
741 1961 851 2022 codicis
876 1965 903 2020 0
929 1965 1145 2038 praestantiam
1172 1965 1202 2023 in
1227 1964 1350 2023 dubium

171 2069 311 2123 arantes
330 2062 372 2121 ad
393 2060 579 2120 Lachmanni
598 2061 699 2136 copias
716 2059 937 2134 relaberentur,
957 2065 987 2121 et
1006 2062 1116 2137 peritia
1134 2062 1241 2121 talium
1261 2081 1349 2138 quae·

172 2166 297 2222 monum
330 2158 599 2236 disceptandarum
630 2159 676 2217 illi
706 2157 846 2218 destituti
878 2162 909 2217 et
940 2159 984 2217 rei
1017 2158 1136 2219 criticae
1169 2158 1350 2219 exercendae

171 2264 321 2321 multata
373 2259 426 2335 qui
450 2259 486 2316 ut
508 2276 664 2317 assensum
687 2275 747 2317 non
774 2257 872 2317 tulere
895 2256 1063 2332 doctorum,
1091 2257 1169 2334 apud
1192 2275 1267 2333 quos
1290 2258 1349 2330 iam

172 2364 226 2420 fere
247 2362 362 2420 nostra
385 2357 423 2416 de
445 2354 596 2415 codicibus
615 2355 792 2416 Catullianis
812 2355 962 2416 sententia
981 2356 1124 2432 optinuit,
1148 2357 1191 2414 ita
1210 2373 1265 2430 ego
1283 2355 1350 2431 ipse

171 2480 217 2535 per
242 2476 344 2517 annos
374 2454 446 2515 inde
473 2454 591 2529 elapsos
619 2457 648 2515 in
677 2456 742 2515 dies
765 2454 862 2530 magis
892 2455 1039 2514 sinceram
1062 2455 1132 2514 libri
1155 2460 1182 2515 0
1207 2457 1238 2513 et
1260 2454 1339 2514 inter

172 2560 296 2632 feletem
324 2553 399 2614 libri
421 2556 454 2612 G
476 2555 614 2613 naturam
642 2553 830 2629 indolemque
854 2554 1003 2629 perspexi.
1048 2552 1128 2613 idem
1152 2556 1253 2613 autem
1276 2557 1350 2613 tem-

174 2678 221 2729 ⁸22·
246 2653 510 2725 continuataeque
539 2651 570 2708 in
597 2655 704 2726 poetae
732 2652 832 2710 uerbis
863 2653 982 2728 penitus
1018 2652 1228 2728 intellegendis
1262 2672 1349 2712 curae

173 2776 221 2812 ae
245 2754 350 2813 solum
371 2749 517 2807 nonnulla
540 2768 558 2807 a
581 2768 626 2807 me
646 2749 772 2809 celerius
791 2751 862 2810 olim
882 2771 947 2811 esse
967 2752 1086 2810 mutata
1104 2750 1277 2828 docuerunt,
1298 2752 1350 2811 sed

173 2857 254 2911 viem
278 2854 408 2926 largam
427 2847 542 2922 copiam
561 2866 706 2906 nouarum
727 2850 942 2909 correctionum
962 2850 1238 2926 suppeditauerunt.
1279 2851 1350 2926 quin

171 2953 236 3009 elei
260 2967 345 3009 nrrnc
372 2946 528 3005 Catrdlum
558 2946 630 3004 mibi
659 2946 763 3005 uideor
793 2948 991 3008 restituisse
984 2969 1016 3006 m
1038 2968 1105 3006 eum
1131 2953 1244 3007 statum
1269 2949 1350 3007 habi-

171 3070 301 3172 nmque,
326 3064 426 3168 «quem
450 3044 493 3103 eis
517 3045 669 3121 quibusu
651 3047 764 3105 utimur
787 3046 928 3105 subsidiis
951 3065 1128 3123 recuperare
1152 3047 1228 3106 lieet.

250 3215 276 3280 ⁸)
298 3162 386 3265 nihil
402 3223 470 3260 sane
490 3206 587 3275 refert,
608 3208 652 3261 eui
671 3207 724 3261 hoc
738 3208 867 3262 demonst
855 3209 959 3262 tratum
980 3209 1125 3275 acceptum
1142 3206 1263 3261 debeant
1277 3207 1350 3260 litte·

211 3288 443 3353 ;s··:dEllisius,
464 3285 561 3354 quiin
584 3287 675 3356 priore
696 3288 1075 3356 edittrone(Oxon.1867)rn
1095 3287 1208 3339 modum
1228 3285 1350 3355 Silligio

172 3394 209 3429 ne
229 3370 439 3427 castissimum
460 3371 541 3421 etex
560 3368 687 3422 omuibus
703 3368 846 3422 codicibus
862 3385 1007 3423 comesum
1023 3369 1187 3435 oliparatum
1203 3367 1350 3419 exhibente

170 3474 190 3503 ε-
215 3456 283 3509 libri
313 3450 341 3505 θ
368 3448 465 3518 pretio
492 3446 563 3501 nihil
588 3449 648 3502 erat
674 3448 845 3518 suspicatus,
872 3466 927 3503 non
952 3446 1049 3501 debuit
1071 3448 1099 3500 in
1124 3445 1213 3498 ultera
1235 3461 1258 3497 a,
1283 3451 1349 3498 1878

178 3540 309 3591 trine-ete
332 3532 426 3600 plene
447 3527 619 3597 inprobeque
638 3532 667 3583 et
682 3546 745 3583 cum
760 3528 876 3598 indigua
890 3528 979 3583 nostri
994 3525 1177 3581 insectatione
1192 3524 1261 3579 adeo
1277 3525 1351 3579 ueri-

238 3632 304 3669 esse
329 3611 490 3674 inmemor,
506 3611 536 3662 ut
551 3625 595 3663 me
614 3610 707 3664 inter
722 3609 906 3664 Germanos
926 3609 1028 3678 quippe
1045 3608 1165 3676 primum
1181 3607 1231 3661 boc
1246 3607 1350 3662 uidisse

165 3706 295 3757 :gueser
343 3705 425 3759 quae
445 3705 490 3741 res
510 3689 555 3742 uel
574 3688 650 3743 illius
670 3690 854 3759 popularibus
874 3689 963 3743 mouit
981 3689 1118 3742 ruborem.

220 3782 297 3841 “ir
286 3787 425 3844 qnorum
446 3785 534 3837 opera
552 3770 619 3837 quid
639 3771 766 3826 effectum
786 3772 822 3825 sit
841 3774 872 3823 ut
860 3770 937 3823 in
927 3770 1056 3839 ellegas
1081 3769 1143 3836 lege
1170 3786 1240 3836 quac
1262 3768 1351 3822 Cltor-

178 3880 225 3913 ιι
216 3884 241 3914 ,ι
267 3861 300 3911 in
333 3853 417 3907 libro
440 3865 492 3903 suo
518 3848 703 3905 Geschiebte
728 3851 777 3904 der
800 3850 884 3905 klass.
904 3847 1036 3903 Philol
1029 3867 1057 3902 ιιι
1081 3847 1287 3903 Deutseblond’
1315 3849 1350 3917 (ll

193 3950 241 3997 so
258 3936 345 4009 3qq)
370 3932 412 3985 dc
432 3929 517 3983 nobis
536 3930 661 3999 protulit
699 3931 722 3985 is
742 3931 828 3996 enim,
853 3934 884 3984 ut
909 3930 1021 3984 erit-icus
1048 3946 1102 3983 ιιοιι
1128 3932 1189 3982 ertit
1208 3936 1280 4020 (cum
1301 3930 1350 3983 cir-

169 4025 262 4081 amri.
253 4034 379 4080 erem,
405 4026 467 4080 quo
486 4010 546 4064 iure
565 4013 624 4064 tam
643 4010 745 4066 friuola
765 4011 799 4064 dc
791 4010 895 4064 nobis
910 4011 1059 4076 statueret,
1079 4027 1161 4063 ιιιιιιιιι
1183 4009 1276 4064 iuueni
1290 4008 1350 4062 eius

182 4116 346 4161 mmm
370 4092 416 4148 ad
438 4089 502 4144 Cat
520 4088 670 4145 xxxvto
691 4093 779 4145 hence
802 4108 841 4144 me
860 4092 955 4159 puella
974 4091 1077 4144 scidit
1067 4108 1163 4145 iocosi
1165 4091 1284 4158 lepido
1303 4107 1350 4141 ao·

157 4186 411 4245 m1,m3t,ex
435 4170 558 4226 aliorum
577 4170 719 4226 iudiciis
713 4191 740 4226 ιιι
765 4171 807 4224 his
834 4173 914 4224 rebus
939 4170 1094 4239 pendeus
1088 4169 1291 4236 iniquissimam
1316 4171 1350 4224 dc

156 4284 213 4321 ιῑιι-
235 4259 438 4323 sententiam
466 4251 541 4306 tulit.
583 4251 727 4322 indiguum
751 4255 807 4318 cst,
783 4252 913 4304 tuiodo
938 4255 995 4304 tam
1023 4251 1163 4305 inliberali
1189 4249 1351 4305 criticorum

162 4352 227 4405 aaa
252 4351 289 4403 ut
321 4332 510 4397 difficiliora
529 4332 570 4386 ita
589 4331 702 4401 publico
727 4333 831 4387 honore
856 4330 945 4386 multo
970 4331 1060 4401 nragis
1084 4331 1208 4384 carentia
1232 4330 1352 4399 deprimi

155 4432 338 4501 minuique,
363 4419 406 4476 ut
428 4420 547 4472 taccam
567 4412 601 4466 de
621 4413 795 4469 lectionibus.
