2940 4912
184 291 250 356 578
682 288 755 346 XCV
775 298 852 345 6-7.

184 454 308 524 Lycoph.
329 459 381 508 448
405 447 552 522 Σάτραχος
576 448 655 514 πόλις
678 451 728 506 παλ
751 448 877 521 ποταμὸς
897 449 1029 521 Κάπρου·
1052 471 1128 516 τινες
1151 449 1183 507 di
1202 450 1251 508 διά
1276 453 1362 509 roris

185 540 326 613 γράφουσι
346 540 504 611 Σέιραχον,
523 539 613 596 Νομμ.
629 541 709 597 Dion.
724 540 789 595 XIII
803 547 855 597 458
874 541 1019 612 νυμφήϊον
1039 536 1116 611 ὕδωρ
1135 541 1280 613 Σέτραχος
1298 540 1362 613 tpa-

185 629 274 701 ρόεις,
295 626 345 686 ὅθι
363 628 497 693 πολλάκις
516 627 601 700 οἶδμα
619 631 746 702 λαβοῦσα
765 626 874 700 Κύπρις
893 625 1083 700 άνιχλαίνωσε
1103 629 1276 702 λελουμένον
1295 630 1363 688 υἱέα

184 718 316 790 Μάρρης,
341 720 462 788 Etymol.
482 719 518 776 M.
544 738 570 791 p.
592 726 651 786 117,
670 726 704 774 37
726 714 804 782 'Aba
827 716 954 790 ποταμὸς
976 721 1026 790 τῆς
1044 718 1175 790 Κάπρου·
1198 716 1246 775 ’Aoi
1272 717 1361 791 γάρὸ

182 795 294 874 Ἀδωνις
313 806 487 879 ὠνομάζετο,
511 809 560 864 καὶ
583 804 635 863 ἄπ’
657 804 745 863 αὐτοῦ
765 807 795 863 ολ
810 804 931 879 Κάπρου
955 805 1185 879 βασιλεύσαντες·
1206 813 1312 874 Ζωιλος
1329 808 1361 865 a}

183 895 198 953 ὁ
215 895 378 967 Κιδρασεάς
395 899 445 953 καλ
464 896 553 954 αὐτὸν
567 894 624 953 άπὸ
640 900 689 966 τῆς
704 893 808 953 ἑαυτοῦ
823 896 927 968 μητρὸς
940 899 1096 967 κληθῆναν
1116 895 1170 967 τὴν
1186 897 1241 968 γάρ
1258 902 1361 955 Θείαν-

183 1008 230 1049 τος
247 987 395 1058 θυγατέρα
415 984 449 1043 ori
468 983 605 1058 Σμύρναν
624 983 694 1041 ἄλλά
712 983 796 1041 Ἀὧαν
815 989 942 1042 καλοῦσι.
977 985 1078 1050 Φιλέας
1099 985 1130 1042 dt
1149 989 1263 1057 πρῶτον
1282 992 1361 1060 βασι-

183 1076 233 1132 λέα
250 1072 333 1132 ’Λώου
349 1073 432 1139 Ἠοῦς
450 1073 521 1132 ὄντα
540 1076 588 1131 καὶ
603 1073 753 1146 Κεφάλου,
772 1072 827 1145 ἀφ’
848 1069 883 1132 οὗ
898 1077 946 1131 καὶ
965 1073 1030 1147 ὄρος
1044 1098 1071 1132 τι
1085 1073 1244 1147 ὠνομάσθη
1257 1074 1361 1148 licitae,

185 1163 214 1232 ἐξ
239 1158 273 1220 οὗ
298 1162 323 1237 β’
342 1167 477 1236 ποταμῶν
497 1165 663 1237 φερομένων
683 1161 813 1235 Σεράχου
838 1166 887 1220 nat
911 1164 1034 1234 Πλιέοις,
1064 1163 1114 1221 τὸν
1138 1165 1189 1220 ἕνα
1212 1164 1322 1222 τούτων
1344 1164 1360 1223 ὁ

184 1254 348 1323 Παρθένιος
365 1251 448 1310 iidoc
467 1254 593 1324 κέκληκε.
622 1272 695 1323 quae
709 1254 797 1310 uerba
814 1259 967 1325 propterea
980 1258 1046 1310 sunt
1060 1257 1265 1327 memorabilia,
1285 1257 1360 1327 quod

157 1390 161 1400 .
183 1344 365 1399 Parthenium
385 1361 447 1398 cum
467 1345 618 1399 Cianorum
637 1344 746 1398 familia
764 1344 942 1399 coniunctum
962 1344 1076 1413 (Suidaa
1095 1365 1115 1400 s.
1134 1364 1160 1401 μ.
1183 1344 1360 1414 Παρθένιος)

183 1432 267 1487 facile
286 1432 367 1487 nobis
384 1434 583 1502 persuademus
603 1434 705 1488 Heluio
725 1432 829 1489 Cinnae
855 1435 946 1489 facem
970 1434 1137 1506 praetulisse
1156 1434 1186 1490 in
1205 1435 1360 1491 reconditis

185 1523 229 1576 his
252 1520 363 1575 fabulis.
401 1524 477 1577 recte
503 1526 597 1578 autern
621 1523 760 1592 Hauptius
784 1524 937 1594 perspexit,
958 1524 1087 1579 Satrachi
1110 1524 1189 1579 fluuii
1212 1525 1259 1580 hic
1282 1541 1358 1580 meu·

182 1610 288 1665 tionem
312 1611 372 1664 fieri
401 1612 437 1665 ob
462 1600 553 1666 artam
577 1611 636 1665 eius
664 1629 726 1665 curn
756 1612 892 1682 Zmyrnae
921 1612 980 1667 siue
1007 1612 1137 1681 Myrrhae
1170 1611 1268 1667 fabula
1295 1630 1358 1669 con·

181 1700 367 1768 iunctionom,
387 1718 470 1769 quem
490 1701 544 1756 loci
564 1699 651 1755 adlati
670 1699 809 1756 indicant:
833 1701 951 1756 fortasse
974 1718 1039 1770 pars
1058 1701 1190 1756 carminis
1209 1701 1246 1756 ad
1265 1700 1358 1757 Satra-

182 1792 265 1845 chum
294 1794 323 1845 et
347 1792 489 1845 lauantem
515 1788 544 1843 in
571 1806 604 1844 eo
630 1787 768 1859 uirginem
797 1791 938 1860 pertinens
965 1790 1154 1859 pulcherrima
1180 1790 1358 1860 maximeque

182 1880 325 1935 celebrata
344 1882 412 1935 erat.
450 1879 505 1934 iam
526 1896 588 1933 cum
608 1881 668 1934 laus
687 1878 773 1934 fuerit
791 1879 986 1949 scriptoribus,
1006 1880 1030 1933 si
1050 1897 1135 1949 opera
1155 1897 1251 1935 eorum
1270 1881 1357 1936 etiam

184 1971 211 2023 in
236 1972 324 2024 terras
347 1968 508 2039 peregrinas
532 1969 711 2023 mitterentur
736 1985 753 2022 a
776 1967 939 2038 bibliopolis
962 1967 1152 2037 (Weichertus
1175 1987 1219 2039 cp.
1244 1970 1310 2025 Hor.
1331 1987 1356 2026 a.

181 2077 209 2126 p.
224 2064 289 2125 343,
309 2057 390 2112 Mart.
407 2055 458 2109 XII
477 2063 503 2125 3,
523 2063 536 2108 1
556 2059 727 2126 adpopulos
744 2058 818 2111 mitti
835 2059 884 2127 qui
902 2075 991 2127 nuper
1009 2060 1044 2113 ab
1063 2060 1130 2114 arbe
1146 2060 1260 2128 σολώσι,
1279 2061 1357 2129 alia),

185 2147 312 2201 Catullus
337 2164 393 2201 non
419 2145 516 2200 Gallos
542 2147 592 2198 aut
616 2145 755 2215 Hispanos
781 2145 921 2216 aliosque,
947 2164 965 2201 a
990 2147 1092 2216 quibus
1114 2147 1182 2203 Hor.
1201 2149 1247 2204 od.
1266 2150 1292 2204 Il
1315 2155 1358 2217 20,

185 2243 216 2290 17
232 2255 292 2305 sqq.
315 2236 381 2290 olim
403 2234 526 2289 carmina
545 2250 596 2287 sua
613 2235 719 2289 lectum
738 2234 773 2288 iri
791 2237 958 2306 auguratur,
978 2238 1007 2289 in
1026 2236 1150 2292 medium
1169 2239 1289 2308 profert,
1308 2239 1358 2293 sed

181 2327 251 2380 scite
270 2342 336 2380 sane
353 2326 523 2392 uenusteque
543 2321 656 2377 adcolas
670 2324 730 2377 eius
745 2322 836 2393 fluuii,
856 2325 901 2379 cui
916 2325 1036 2380 Cinnani
1051 2325 1184 2381 carminis
1203 2326 1357 2398 descriptio

183 2415 361 2469 nobilitatem
381 2411 490 2480 attulit,
515 2413 650 2481 Zmyrnae
673 2413 811 2483 poematis
830 2415 1016 2484 cognoscendi
1037 2416 1192 2485 cupiditate
1211 2433 1357 2472 exarsuros

181 2507 342 2576 auguratur.
386 2503 518 2574 ‘penitus’
549 2502 573 2557 ei
599 2520 662 2557 cum
687 2503 838 2559 ‘mittetur'
864 2503 1035 2574 iungendum
1060 2508 1116 2571 est,
1145 2506 1223 2561 ualet
1247 2507 1354 2579 ‘longe’

184 2594 292 2663 (Cicero
313 2611 357 2663 ap.
378 2593 454 2648 Seru.
474 2593 510 2647 ad
530 2593 580 2647 ecl.
602 2599 629 2659 1,
649 2597 682 2646 68
699 2595 863 2663 penitusque
877 2595 1020 2663 policrates
1038 2596 1171 2664 relliqua)
1190 2597 1234 2651 uel
1258 2597 1298 2651 ‘in
1317 2597 1357 2651 in-

182 2684 280 2737 timam
305 2684 388 2752 Cypri
412 2683 546 2752 partcm’;
576 2681 624 2736 sed
648 2682 745 2736 malim
771 2699 833 2737 cum
859 2683 965 2738 ‘cauas’
992 2684 1128 2754 copulans
1151 2685 1291 2755 explicare
1317 2687 1357 2740 ‘in

181 2773 238 2827 imo
256 2771 364 2826 fundo’.
393 2789 457 2825 narn
474 2773 556 2825 ‘caua
570 2769 657 2825 unda’
675 2774 718 2826 est
731 2788 765 2825 ea
779 2789 850 2841 quae
866 2773 1033 2828 concitatius
1048 2773 1112 2828 fluit
1124 2775 1238 2844 alteque
1252 2775 1356 2830 emitti·

181 2866 239 2915 tur:
270 2860 350 2914 Ouid.
375 2861 414 2916 lb.
439 2867 491 2914 224
515 2861 683 2915 Eumenides
711 2863 802 2915 lquere
828 2863 1001 2931 palustribus
1024 2864 1113 2930 taleis,
1141 2882 1197 2933 qua
1224 2882 1297 2919 corea
1324 2866 1357 2921 dc

181 2952 287 3021 Stqqiis
304 2954 425 3020 sterneret
442 2952 520 3003 undu
539 2952 621 3005 uadis
640 2949 726 3018 (IIVII
746 2958 771 3018 4,
791 2952 875 3021 Verg.
896 2950 928 3007 G.
948 2953 959 3005 Ι
979 2959 1031 3006 326
1055 2953 1085 3006 et
1103 2952 1141 3005 IV
1160 2958 1212 3007 427
1237 2971 1293 3008 μομ
1312 2971 1357 3008 ar-

181 3041 325 3108 cessendi).
347 3073 379 3081 -
399 3041 427 3094 (t.
447 3041 605 3106 Zmyrnam
624 3054 699 3095 cana
722 3040 774 3094 diu
794 3041 916 3096 saecula
934 3042 1128 3110 peruoluent.
1165 3045 1295 3112 tempora
1313 3061 1357 3099 re·

182 3131 339 3183 motissirna
357 3129 570 3197 pertractabunt
587 3146 651 3182 cum
670 3147 736 3183 cura
755 3130 911 3198 studiisque
931 3132 1018 3186 seriis.
1058 3131 1257 3202 ‘peruquere’,
1281 3134 1357 3202 quod

179 3219 242 3287 plna
262 3220 305 3271 est
323 3235 407 3285 quam
428 3217 591 3283 ‘euoluere‘,
615 3235 688 3271 nunc
712 3218 753 3271 sic
777 3219 937 3273 adhibitum
961 3240 1017 3276 non
1036 3224 1125 3287 extat3
1149 3221 1280 3276 similiter
1299 3222 1355 3277 Cic.

180 3307 215 3362 ad
235 3309 292 3360 Att.
312 3306 337 3359 V
358 3313 403 3372 12,
423 3312 438 3358 2
458 3323 527 3359 oreos
547 3348 570 3360 ..
588 3308 750 3375 percolatur
769 3309 853 3362 libros
872 3309 918 3377 (de
938 3311 1040 3382 dialysi
1059 3312 1094 3366 ad
1114 3310 1139 3363 ll
1159 3314 1195 3379 6).
1234 3311 1354 3378 ‘canus',

179 3399 211 3450 ut
229 3398 273 3450 est
292 3394 362 3450 senii
381 3397 536 3465 proprium,
561 3397 629 3450 seris
653 3396 795 3450 aetatibus
820 3398 866 3451 hic
885 3401 1051 3456 attribuitur
1075 3401 1169 3472 (allter
1187 3401 1270 3456 Mart.
1290 3401 1354 3454 VIII

178 3492 225 3554 80,
244 3489 285 3554 2),
310 3491 342 3540 ut
364 3487 495 3540 similiter
519 3484 652 3539 LXVIIIb
677 3492 692 3539 6
717 3493 795 3540 ομνια
818 3506 892 3543 crtus
917 3492 947 3543 et
969 3490 1039 3544 Ciris
1057 3495 1090 3542 41
1115 3491 1226 3544 senibus
1249 3492 1354 3556 suedie,

178 3576 227 3629 Sil.
252 3575 314 3631 Ital.
339 3576 376 3630 Ill
401 3581 453 3630 328
477 3593 537 3630 crtus
560 3577 643 3646 piqrc
666 3577 795 3632 incurrerit
817 3584 905 3645 cetam
929 3579 1016 3633 fuisse
1040 3581 1093 3633 hoc
1116 3583 1176 3634 tum
1196 3597 1252 3634 non
1271 3579 1355 3634 infre-

177 3682 264 3733 quens
284 3664 415 3732 quucndi
436 3681 524 3734 genus
543 3665 626 3719 docet
644 3664 700 3720 Cic.
721 3666 746 3719 d.
767 3667 840 3736 legg.
861 3668 872 3720 l
895 3674 923 3734 1,
944 3674 958 3720 l
984 3675 1016 3722 at
1034 3670 1075 3722 ait
1093 3667 1227 3723 Scaeuola
1245 3670 1278 3723 dc
1295 3670 1354 3735 sra-

178 3756 228 3808 trr's
242 3755 293 3808 met
308 3754 403 3808 Murio
419 3755 550 3808 ‘canescet
567 3756 662 3808 saeclis
676 3756 946 3810 inerrcmerctilibus’.
962 3787 993 3795 ·-
1012 3757 1039 3811 λ.
1059 3757 1092 3810 at
1106 3756 1212 3813 Volusi
1228 3757 1355 3812 :males

178 3844 309 3897 Paduam
334 3843 503 3897 morientur
527 3843 563 3898 ad
588 3843 695 3911 Ipsam.
732 3845 805 3899 idem
834 3848 876 3899 est
901 3845 1046 3911 Volusius,
1071 3845 1170 3915 quiin
1194 3863 1218 3899 c.
1237 3844 1360 3899 XXXVI·

177 3935 308 3999 occurrit,
330 3933 388 3987 eius
406 3949 507 3987 nomen
527 3933 624 3986 fictum
649 3952 708 3988 esse
734 3935 762 3987 et
785 3952 882 3988 uerum
906 3934 993 3989 fuisse
1013 3933 1141 4002 Tanusii,
1161 3937 1256 3990 noster
1275 3935 1353 3990 locus

177 4041 259 4092 quam
283 4024 403 4076 maxime
427 4021 520 4075 reddit
543 4021 732 4090 inprobabile,
760 4022 900 4092 siqnidem
925 4024 1029 4078 Cinnae
1053 4040 1108 4077 non
1131 4025 1228 4092 potest
1252 4041 1352 4079 nomen

177 4114 272 4167 fictum
296 4111 456 4182 oppositum
481 4128 554 4177 esse,
578 4128 641 4164 curn
666 4113 831 4181 praesertim
852 4113 960 4167 Volusii
980 4129 1048 4182 opus
1071 4111 1230 4166 accuratius
1250 4113 1353 4167 descri-

177 4201 266 4254 batur.
308 4202 342 4255 de
368 4201 463 4255 Padua
486 4201 624 4255 ltobertus
647 4201 737 4254 Titius
764 4221 807 4272 cp.
833 4201 932 4270 Polyb.
958 4201 981 4253 II
1009 4206 1053 4266 lc,
1075 4205 1120 4265 11,
1144 4199 1191 4266 qui
1217 4200 1251 4254 de
1275 4200 1353 4257 Pado

177 4290 291 4343 flumine
312 4294 432 4359 σχίζεται
452 4284 481 4342 δ’
499 4288 538 4351 εἰς
558 4287 611 4344 δύο
630 4288 700 4359 μέρη
720 4289 792 4344 κατὰ
813 4287 879 4353 τούς
897 4285 1191 4359 προςαγορευομένονσ
1213 4286 1352 4360 Τριγαβό·

176 4380 252 4439 iove·
272 4376 379 4432 τούτων
395 4377 425 4432 di
440 4377 473 4432 τὸ
488 4377 539 4448 μὲν
556 4377 653 4447 ἓτερον
672 4377 760 4450 στόμα
774 4378 1012 4452 προςονομάζεται
1026 4373 1143 4441 fluct«,
1158 4372 1189 4429 τὸ
1206 4371 1235 4428 d’
1252 4374 1351 4445 ἕτερον
